<!DOCTYPE html>
<meta charset="utf-8" />
<!-- version 1 -->
<title>[Gen 7] Doubles OU replay: Polar_OT vs. opbidoof6969</title>
<style>
html,body {font-family:Verdana, sans-serif;font-size:10pt;margin:0;padding:0;}body{padding:12px 0;} .battle-log {font-family:Verdana, sans-serif;font-size:10pt;} .battle-log-inline {border:1px solid #AAAAAA;background:#EEF2F5;color:black;max-width:640px;margin:0 auto 80px;padding-bottom:5px;} .battle-log .inner {padding:4px 8px 0px 8px;} .battle-log .inner-preempt {padding:0 8px 4px 8px;} .battle-log .inner-after {margin-top:0.5em;} .battle-log h2 {margin:0.5em -8px;padding:4px 8px;border:1px solid #AAAAAA;background:#E0E7EA;border-left:0;border-right:0;font-family:Verdana, sans-serif;font-size:13pt;} .battle-log .chat {vertical-align:middle;padding:3px 0 3px 0;font-size:8pt;} .battle-log .chat strong {color:#40576A;} .battle-log .chat em {padding:1px 4px 1px 3px;color:#000000;font-style:normal;} .chat.mine {background:rgba(0,0,0,0.05);margin-left:-8px;margin-right:-8px;padding-left:8px;padding-right:8px;} .spoiler {color:#BBBBBB;background:#BBBBBB;padding:0px 3px;} .spoiler:hover, .spoiler:active, .spoiler-shown {color:#000000;background:#E2E2E2;padding:0px 3px;} .spoiler a {color:#BBBBBB;} .spoiler:hover a, .spoiler:active a, .spoiler-shown a {color:#2288CC;} .chat code, .chat .spoiler:hover code, .chat .spoiler:active code, .chat .spoiler-shown code {border:1px solid #C0C0C0;background:#EEEEEE;color:black;padding:0 2px;} .chat .spoiler code {border:1px solid #CCCCCC;background:#CCCCCC;color:#CCCCCC;} .battle-log .rated {padding:3px 4px;} .battle-log .rated strong {color:white;background:#89A;padding:1px 4px;border-radius:4px;} .spacer {margin-top:0.5em;} .message-announce {background:#6688AA;color:white;padding:1px 4px 2px;} .message-announce a, .broadcast-green a, .broadcast-blue a, .broadcast-red a {color:#DDEEFF;} .broadcast-green {background-color:#559955;color:white;padding:2px 4px;} .broadcast-blue {background-color:#6688AA;color:white;padding:2px 4px;} .infobox {border:1px solid #6688AA;padding:2px 4px;} .infobox-limited {max-height:200px;overflow:auto;overflow-x:hidden;} .broadcast-red {background-color:#AA5544;color:white;padding:2px 4px;} .message-learn-canlearn {font-weight:bold;color:#228822;text-decoration:underline;} .message-learn-cannotlearn {font-weight:bold;color:#CC2222;text-decoration:underline;} .message-effect-weak {font-weight:bold;color:#CC2222;} .message-effect-resist {font-weight:bold;color:#6688AA;} .message-effect-immune {font-weight:bold;color:#666666;} .message-learn-list {margin-top:0;margin-bottom:0;} .message-throttle-notice, .message-error {color:#992222;} .message-overflow, .chat small.message-overflow {font-size:0pt;} .message-overflow::before {font-size:9pt;content:'...';} .subtle {color:#3A4A66;}
</style>
<div class="wrapper replay-wrapper" style="max-width:1180px;margin:0 auto">
<input type="hidden" name="replayid" value="gen7doublesou-1127950050" />
<div class="battle"></div><div class="battle-log"></div><div class="replay-controls"></div><div class="replay-controls-2"></div>
<h1 style="font-weight:normal;text-align:center"><strong>[Gen 7] Doubles OU</strong><br /><a href="http://pokemonshowdown.com/users/polarot" class="subtle" target="_blank">Polar_OT</a> vs. <a href="http://pokemonshowdown.com/users/opbidoof6969" class="subtle" target="_blank">opbidoof6969</a></h1>
<script type="text/plain" class="battle-log-data">|j|☆Polar_OT
|j|☆opbidoof6969


|player|p1|Polar_OT|steven|1355


|player|p2|opbidoof6969|ghetsis-gen5bw|1434
|teamsize|p1|6
|teamsize|p2|6
|gametype|doubles
|gen|7
|tier|[Gen 7] Doubles OU
|rated|
|clearpoke
|poke|p1|Stakataka|item
|poke|p1|Cresselia, F|item
|poke|p1|Jellicent, M|item
|poke|p1|Camerupt, M|item
|poke|p1|Magnezone|item
|poke|p1|Amoonguss, F|item
|poke|p2|Manectric, F|item
|poke|p2|Incineroar, M|item
|poke|p2|Tapu Fini|item
|poke|p2|Kartana|item
|poke|p2|Zygarde|item
|poke|p2|Mew|item
|rule|Species Clause: Limit one of each Pokémon
|rule|OHKO Clause: OHKO moves are banned
|rule|Moody Clause: Moody is banned
|rule|Evasion Abilities Clause: Evasion abilities are banned
|rule|Evasion Moves Clause: Evasion moves are banned
|rule|Gravity Sleep Clause: The combination of Gravity and sleep-inducing moves with imperfect accuracy are banned
|rule|Endless Battle Clause: Forcing endless battles is banned
|rule|HP Percentage Mod: HP is shown in percentages
|rule|Swagger Clause: Swagger is banned
|teampreview


|inactive|Battle timer is ON: inactive players will automatically lose when time's up. (requested by opbidoof6969)

|inactive|Time left: 150 sec this turn | 150 sec total | 60 sec grace

|
|start
|switch|p1a: Cresselia|Cresselia, F, shiny|100\/100
|switch|p1b: Stakataka|Stakataka|100\/100
|switch|p2a: Incineroar|Incineroar, M|394\/394
|switch|p2b: Zygarde|Zygarde|358\/358
|-ability|p2b: Zygarde|Aura Break
|-ability|p2a: Incineroar|Intimidate|boost
|-unboost|p1a: Cresselia|atk|1
|-unboost|p1b: Stakataka|atk|1
|turn|1

|inactive|Time left: 150 sec this turn | 150 sec total

|
|move|p2a: Incineroar|Fake Out|p1a: Cresselia
|-damage|p1a: Cresselia|93\/100
|move|p2b: Zygarde|Thousand Arrows|p1b: Stakataka|[spread] p1a,p1b
|-supereffective|p1b: Stakataka
|-damage|p1a: Cresselia|62\/100
|-damage|p1b: Stakataka|0 fnt
|-start|p1a: Cresselia|Smack Down
|faint|p1b: Stakataka
|cant|p1a: Cresselia|flinch
|
|upkeep

|inactive|Time left: 145 sec this turn | 145 sec total

|inactive|Polar_OT has 120 seconds left.


|
|switch|p1b: Camerupt|Camerupt, M, shiny|100\/100
|turn|2

|inactive|Time left: 150 sec this turn | 150 sec total

|
|switch|p2b: Tapu Fini|Tapu Fini|344\/344
|-fieldstart|move: Misty Terrain|[from] ability: Misty Surge|[of] p2b: Tapu Fini
|detailschange|p1b: Camerupt|Camerupt-Mega, M, shiny
|-mega|p1b: Camerupt|Camerupt|Cameruptite
|move|p1b: Camerupt|Protect|p1b: Camerupt
|-singleturn|p1b: Camerupt|Protect
|move|p2a: Incineroar|U-turn|p1a: Cresselia
|-supereffective|p1a: Cresselia
|-damage|p1a: Cresselia|38\/100

|inactive|Time left: 135 sec this turn | 135 sec total

|
|switch|p2a: Kartana|Kartana|277\/277
|move|p1a: Cresselia|Trick Room|p1a: Cresselia
|-fieldstart|move: Trick Room|[of] p1a: Cresselia
|
|upkeep
|turn|3

|inactive|Time left: 150 sec this turn | 150 sec total

|
|move|p2a: Kartana|Protect|p2a: Kartana
|-singleturn|p2a: Kartana|Protect
|move|p1b: Camerupt|Eruption|p2a: Kartana|[spread] p2b
|-activate|p2a: Kartana|move: Protect
|-resisted|p2b: Tapu Fini
|-damage|p2b: Tapu Fini|254\/344
|move|p1a: Cresselia|Ice Beam|p2b: Tapu Fini
|-resisted|p2b: Tapu Fini
|-damage|p2b: Tapu Fini|227\/344
|move|p2b: Tapu Fini|Muddy Water|p1a: Cresselia|[spread] p1a,p1b
|-supereffective|p1b: Camerupt
|-damage|p1a: Cresselia|23\/100
|-damage|p1b: Camerupt|8\/100
|-enditem|p1a: Cresselia|Wiki Berry|[eat]
|-heal|p1a: Cresselia|73\/100|[from] item: Wiki Berry
|
|upkeep
|turn|4

|inactive|Time left: 150 sec this turn | 150 sec total

|inactive|Polar_OT has 120 seconds left.


|
|switch|p2a: Incineroar|Incineroar, M|394\/394
|-ability|p2a: Incineroar|Intimidate|boost
|-unboost|p1a: Cresselia|atk|1
|-unboost|p1b: Camerupt|atk|1
|move|p1b: Camerupt|Heat Wave|p2a: Incineroar|[spread] p2a,p2b
|-resisted|p2a: Incineroar
|-resisted|p2b: Tapu Fini
|-damage|p2a: Incineroar|316\/394
|-damage|p2b: Tapu Fini|158\/344
|move|p1a: Cresselia|Moonblast|p2b: Tapu Fini
|-damage|p2b: Tapu Fini|97\/344
|-unboost|p2b: Tapu Fini|spa|1
|move|p2b: Tapu Fini|Muddy Water|p1b: Camerupt|[spread] p1a,p1b
|-supereffective|p1b: Camerupt
|-damage|p1a: Cresselia|64\/100
|-damage|p1b: Camerupt|0 fnt
|-unboost|p1a: Cresselia|accuracy|1
|faint|p1b: Camerupt
|
|upkeep

|inactive|Time left: 140 sec this turn | 140 sec total

|inactive|Polar_OT has 120 seconds left.


|
|switch|p1b: Amoonguss|Amoonguss, F, shiny|100\/100
|turn|5

|inactive|Time left: 150 sec this turn | 150 sec total

|inactive|Polar_OT has 120 seconds left.


|
|switch|p2b: Manectric|Manectric, F|314\/314
|move|p2a: Incineroar|Fake Out|p1b: Amoonguss
|-damage|p1b: Amoonguss|89\/100
|cant|p1b: Amoonguss|flinch
|move|p1a: Cresselia|Moonlight|p1a: Cresselia
|-heal|p1a: Cresselia|100\/100
|
|upkeep
|turn|6

|inactive|Time left: 150 sec this turn | 150 sec total

|inactive|Polar_OT has 120 seconds left.


|
|detailschange|p2b: Manectric|Manectric-Mega, F
|-mega|p2b: Manectric|Manectric|Manectite
|-ability|p2b: Manectric|Intimidate|boost
|-unboost|p1a: Cresselia|atk|1
|-unboost|p1b: Amoonguss|atk|1
|move|p1b: Amoonguss|Spore|p2b: Manectric
|-activate|p2b: Manectric|move: Misty Terrain
|move|p2a: Incineroar|Knock Off|p1a: Cresselia
|-supereffective|p1a: Cresselia
|-damage|p1a: Cresselia|66\/100
|move|p1a: Cresselia|Moonblast|p2b: Manectric
|-damage|p2b: Manectric|206\/314
|move|p2b: Manectric|Snarl|p1a: Cresselia|[spread] p1a,p1b
|-supereffective|p1a: Cresselia
|-damage|p1a: Cresselia|48\/100
|-damage|p1b: Amoonguss|81\/100
|-unboost|p1a: Cresselia|spa|1
|-unboost|p1b: Amoonguss|spa|1
|
|-fieldend|Misty Terrain
|-fieldend|move: Trick Room
|upkeep
|turn|7

|inactive|Time left: 150 sec this turn | 150 sec total

|inactive|Polar_OT has 120 seconds left.


|inactive|opbidoof6969 has 120 seconds left.


|
|switch|p2b: Tapu Fini|Tapu Fini|97\/344
|-fieldstart|move: Misty Terrain|[from] ability: Misty Surge|[of] p2b: Tapu Fini
|move|p2a: Incineroar|Flare Blitz|p1b: Amoonguss
|-supereffective|p1b: Amoonguss
|-damage|p1b: Amoonguss|0 fnt
|-damage|p2a: Incineroar|201\/394|[from] Recoil
|faint|p1b: Amoonguss
|move|p1a: Cresselia|Trick Room|p1a: Cresselia
|-fieldstart|move: Trick Room|[of] p1a: Cresselia
|
|upkeep

|inactive|Time left: 125 sec this turn | 125 sec total

|
|switch|p1b: Magnezone|Magnezone, shiny|100\/100
|turn|8

|inactive|Time left: 150 sec this turn | 150 sec total

|inactive|Polar_OT has 120 seconds left.


|
|switch|p2b: Manectric|Manectric-Mega, F|206\/314
|-ability|p2b: Manectric|Intimidate|boost
|-unboost|p1a: Cresselia|atk|1
|-unboost|p1b: Magnezone|atk|1
|move|p2a: Incineroar|Flare Blitz|p1b: Magnezone
|-supereffective|p1b: Magnezone
|-damage|p1b: Magnezone|18\/100
|-enditem|p1b: Magnezone|Aguav Berry|[eat]
|-heal|p1b: Magnezone|68\/100|[from] item: Aguav Berry
|-damage|p2a: Incineroar|107\/394|[from] Recoil
|move|p1b: Magnezone|Thunderbolt|p2b: Manectric
|-resisted|p2b: Manectric
|-damage|p2b: Manectric|104\/314
|move|p1a: Cresselia|Moonlight|p1a: Cresselia
|-heal|p1a: Cresselia|98\/100
|
|upkeep
|turn|9

|inactive|Time left: 150 sec this turn | 150 sec total

|inactive|Polar_OT has 120 seconds left.


|
|switch|p2a: Zygarde|Zygarde|358\/358
|-ability|p2a: Zygarde|Aura Break
|move|p1b: Magnezone|Flash Cannon|p2b: Manectric
|-resisted|p2b: Manectric
|-damage|p2b: Manectric|26\/314
|move|p1a: Cresselia|Moonblast|p2a: Zygarde|[miss]
|-miss|p1a: Cresselia|p2a: Zygarde
|move|p2b: Manectric|Snarl|p1a: Cresselia|[spread] p1a,p1b
|-supereffective|p1a: Cresselia
|-damage|p1a: Cresselia|82\/100
|-damage|p1b: Magnezone|54\/100
|-unboost|p1a: Cresselia|spa|1
|-unboost|p1b: Magnezone|spa|1
|
|upkeep
|turn|10

|inactive|Time left: 150 sec this turn | 150 sec total

|inactive|Polar_OT has 120 seconds left.


|
|switch|p2a: Mew|Mew|404\/404
|move|p2b: Manectric|Protect|p2b: Manectric
|-singleturn|p2b: Manectric|Protect
|move|p1b: Magnezone|Flash Cannon|p2b: Manectric
|-activate|p2b: Manectric|move: Protect
|move|p1a: Cresselia|Ice Beam|p2a: Mew
|-damage|p2a: Mew|361\/404
|
|upkeep
|turn|11

|inactive|Time left: 150 sec this turn | 150 sec total

|
|switch|p2b: Incineroar|Incineroar, M|107\/394
|-ability|p2b: Incineroar|Intimidate|boost
|-unboost|p1a: Cresselia|atk|1
|-unboost|p1b: Magnezone|atk|1
|move|p1b: Magnezone|Thunderbolt|p2a: Mew
|-damage|p2a: Mew|259\/404
|move|p1a: Cresselia|Ice Beam|p2b: Incineroar|[miss]
|-miss|p1a: Cresselia|p2b: Incineroar
|move|p2a: Mew|U-turn|p1a: Cresselia
|-supereffective|p1a: Cresselia
|-damage|p1a: Cresselia|62\/100

|inactive|Time left: 140 sec this turn | 140 sec total

|
|switch|p2a: Kartana|Kartana|277\/277
|
|-fieldend|Misty Terrain
|-fieldend|move: Trick Room
|upkeep
|turn|12

|inactive|Time left: 150 sec this turn | 150 sec total

|
|move|p2b: Incineroar|Fake Out|p1a: Cresselia
|-damage|p1a: Cresselia|55\/100
|-zpower|p2a: Kartana
|move|p2a: Kartana|Bloom Doom|p1a: Cresselia|[zeffect]
|-damage|p1a: Cresselia|0 fnt
|faint|p1a: Cresselia
|-ability|p2a: Kartana|Beast Boost|boost
|-boost|p2a: Kartana|atk|1
|move|p1b: Magnezone|Hidden Power|p2a: Kartana
|-supereffective|p2a: Kartana
|-damage|p2a: Kartana|1\/277
|
|upkeep

|inactive|Time left: 150 sec this turn | 150 sec total

|
|switch|p1a: Jellicent|Jellicent, M|100\/100
|turn|13

|inactive|Time left: 150 sec this turn | 150 sec total

|
|move|p2a: Kartana|Protect|p2a: Kartana
|-singleturn|p2a: Kartana|Protect
|move|p2b: Incineroar|Flare Blitz|p1b: Magnezone
|-supereffective|p1b: Magnezone
|-damage|p1b: Magnezone|0 fnt
|-damage|p2b: Incineroar|46\/394|[from] Recoil
|-enditem|p2b: Incineroar|Aguav Berry|[eat]
|-heal|p2b: Incineroar|243\/394|[from] item: Aguav Berry
|faint|p1b: Magnezone
|move|p1a: Jellicent|Scald|p2b: Incineroar
|-supereffective|p2b: Incineroar
|-damage|p2b: Incineroar|97\/394
|
|upkeep
|turn|14

|inactive|Time left: 150 sec this turn | 150 sec total

|-message|Polar_OT forfeited.


|
|win|opbidoof6969

|inactive|Time left: 150 sec this turn | 150 sec total
||Ladder updating...

|l|☆Polar_OT
</script>
</div>
<div class="battle-log battle-log-inline"><div class="inner"><div class="battle-options"><div style="padding-top: 3px; padding-right: 3px; text-align: right"><button class="icon button" name="openBattleOptions" title="Options">Battle Options</button></div></div><div class="inner message-log"><div class="chat"><small>☆Polar_OT joined.</small></div><div class="chat"><small>☆opbidoof6969 joined.</small></div><div class=""><small>Format:</small> <br><strong>[Gen 7] Doubles OU</strong></div><div class="rated"><strong>Rated battle</strong></div><div class=""><small><em>Species Clause:</em> Limit one of each Pokémon</small></div><div class=""><small><em>OHKO Clause:</em> OHKO moves are banned</small></div><div class=""><small><em>Moody Clause:</em> Moody is banned</small></div><div class=""><small><em>Evasion Abilities Clause:</em> Evasion abilities are banned</small></div><div class=""><small><em>Evasion Moves Clause:</em> Evasion moves are banned</small></div><div class=""><small><em>Gravity Sleep Clause:</em> The combination of Gravity and sleep-inducing moves with imperfect accuracy are banned</small></div><div class=""><small><em>Endless Battle Clause:</em> Forcing endless battles is banned</small></div><div class=""><small><em>HP Percentage Mod:</em> HP is shown in percentages</small></div><div class=""><small><em>Swagger Clause:</em> Swagger is banned</small></div><div class="chat battle-history"><strong>opbidoof6969's team:</strong> <em style="color:#445566;display:block;">Manectric / Incineroar / Tapu Fini / Kartana / Zygarde / Mew</em></div><div class="chat battle-history"><strong>Polar_OT's team:</strong> <em style="color:#445566;display:block;">Stakataka / Cresselia / Jellicent / Camerupt / Magnezone / Amoonguss</em></div><div class="chat message-error">Battle timer is ON: inactive players will automatically lose when time's up. (requested by opbidoof6969)</div><div class="spacer battle-history"><br></div><div class="battle-history">Battle started between Polar_OT and opbidoof6969!<br></div><div class="spacer battle-history"><br></div><div class="battle-history">Polar_OT sent out <strong>Cresselia</strong>!<br></div><div class="spacer battle-history"><br></div><div class="battle-history">Polar_OT sent out <strong>Stakataka</strong>!<br></div><div class="spacer battle-history"><br></div><div class="battle-history">Go! <strong>Incineroar</strong>!<br></div><div class="spacer battle-history"><br></div><div class="battle-history">Go! <strong>Zygarde</strong>!<br></div><div class="battle-history">[Zygarde's Aura Break]<br><small>Zygarde reversed all other Pokémon's auras!</small><br></div><div class="battle-history">[Incineroar's Intimidate]<br></div><div class="battle-history"><small>The opposing Cresselia's Attack fell!</small><br></div><div class="battle-history"><small>The opposing Stakataka's Attack fell!</small><br></div><div class="spacer battle-history"><br></div><h2 class="battle-history">Turn 1</h2><div class="spacer battle-history"><br></div><div class="battle-history">Incineroar used <strong>Fake Out</strong>!<br></div><div class="battle-history"><small>(The opposing Cresselia lost 7% of its health!)</small><br></div><div class="spacer battle-history"><br></div><div class="battle-history">Zygarde used <strong>Thousand Arrows</strong>!<br></div><div class="battle-history"><small>It's super effective on the opposing Stakataka!</small><br></div><div class="battle-history"><small>(The opposing Cresselia lost 31% of its health!)</small><br></div><div class="battle-history"><small>(The opposing Stakataka lost 100% of its health!)</small><br></div><div class="battle-history"><small>The opposing Cresselia fell straight down!</small><br></div><div class="spacer battle-history"><br></div><div class="battle-history">The opposing Stakataka fainted!<br></div><div class="battle-history">The opposing Cresselia flinched and couldn't move!<br></div><div class="chat message-error">Polar_OT has 120 seconds left.</div><div class="spacer battle-history"><br></div><div class="battle-history">Polar_OT sent out <strong>Camerupt</strong>!<br></div><div class="spacer battle-history"><br></div><h2 class="battle-history">Turn 2</h2><div class="spacer battle-history"><br></div><div class="battle-history">Zygarde, come back!<br></div><div class="battle-history">Go! <strong>Tapu Fini</strong>!<br></div><div class="battle-history">[Tapu Fini's Misty Surge]<br><small>Mist swirled around the battlefield!</small><br></div><div class="spacer battle-history"><br></div><div class="battle-history"><small>The opposing Camerupt-Mega's Cameruptite is reacting to the Key Stone!</small><br>The opposing Camerupt-Mega has Mega Evolved into Mega Camerupt!<br></div><div class="spacer battle-history"><br></div><div class="battle-history">The opposing Camerupt-Mega used <strong>Protect</strong>!<br></div><div class="battle-history"><small>The opposing Camerupt-Mega protected itself!</small><br></div><div class="spacer battle-history"><br></div><div class="battle-history">Incineroar used <strong>U-turn</strong>!<br></div><div class="battle-history"><small>It's super effective!</small><br></div><div class="battle-history"><small>(The opposing Cresselia lost 24% of its health!)</small><br></div><div class="spacer battle-history"><br></div><div class="battle-history">Incineroar went back to opbidoof6969!<br></div><div class="battle-history">Go! <strong>Kartana</strong>!<br></div><div class="spacer battle-history"><br></div><div class="battle-history">The opposing Cresselia used <strong>Trick Room</strong>!<br></div><div class="battle-history"><small>The opposing Cresselia twisted the dimensions!</small><br></div><div class="spacer battle-history"><br></div><h2 class="battle-history">Turn 3</h2><div class="spacer battle-history"><br></div><div class="battle-history">Kartana used <strong>Protect</strong>!<br></div><div class="battle-history"><small>Kartana protected itself!</small><br></div><div class="spacer battle-history"><br></div><div class="battle-history">The opposing Camerupt-Mega used <strong>Eruption</strong>!<br></div><div class="battle-history"><small>Kartana protected itself!</small><br></div><div class="battle-history"><small>It's not very effective on Tapu Fini.</small><br></div><div class="battle-history"><small>(Tapu Fini lost <abbr title="−90/344">26.2%</abbr> of its health!)</small><br></div><div class="spacer battle-history"><br></div><div class="battle-history">The opposing Cresselia used <strong>Ice Beam</strong>!<br></div><div class="battle-history"><small>It's not very effective...</small><br></div><div class="battle-history"><small>(Tapu Fini lost <abbr title="−27/344">7.8%</abbr> of its health!)</small><br></div><div class="spacer battle-history"><br></div><div class="battle-history">Tapu Fini used <strong>Muddy Water</strong>!<br></div><div class="battle-history"><small>It's super effective on the opposing Camerupt-Mega!</small><br></div><div class="battle-history"><small>(The opposing Cresselia lost 15% of its health!)</small><br></div><div class="battle-history"><small>(The opposing Camerupt-Mega lost 92% of its health!)</small><br></div><div class="battle-history"><small>(The opposing Cresselia ate its Wiki Berry!)</small><br></div><div class="battle-history"><small>The opposing Cresselia restored HP using its Wiki Berry!</small><br></div><div class="spacer battle-history"><br></div><h2 class="battle-history">Turn 4</h2><div class="chat message-error">Polar_OT has 120 seconds left.</div><div class="spacer battle-history"><br></div><div class="battle-history">Kartana, come back!<br></div><div class="battle-history">Go! <strong>Incineroar</strong>!<br></div><div class="battle-history">[Incineroar's Intimidate]<br></div><div class="battle-history"><small>The opposing Cresselia's Attack fell!</small><br></div><div class="battle-history"><small>The opposing Camerupt-Mega's Attack fell!</small><br></div><div class="spacer battle-history"><br></div><div class="battle-history">The opposing Camerupt-Mega used <strong>Heat Wave</strong>!<br></div><div class="battle-history"><small>It's not very effective on Incineroar.</small><br></div><div class="battle-history"><small>It's not very effective on Tapu Fini.</small><br></div><div class="battle-history"><small>(Incineroar lost <abbr title="−78/394">19.8%</abbr> of its health!)</small><br></div><div class="battle-history"><small>(Tapu Fini lost <abbr title="−69/344">20.1%</abbr> of its health!)</small><br></div><div class="spacer battle-history"><br></div><div class="battle-history">The opposing Cresselia used <strong>Moonblast</strong>!<br></div><div class="battle-history"><small>(Tapu Fini lost <abbr title="−61/344">17.7%</abbr> of its health!)</small><br></div><div class="battle-history"><small>Tapu Fini's Sp. Atk fell!</small><br></div><div class="spacer battle-history"><br></div><div class="battle-history">Tapu Fini used <strong>Muddy Water</strong>!<br></div><div class="battle-history"><small>It's super effective on the opposing Camerupt-Mega!</small><br></div><div class="battle-history"><small>(The opposing Cresselia lost 9% of its health!)</small><br></div><div class="battle-history"><small>(The opposing Camerupt-Mega lost 8% of its health!)</small><br></div><div class="battle-history"><small>The opposing Cresselia's accuracy fell!</small><br></div><div class="spacer battle-history"><br></div><div class="battle-history">The opposing Camerupt-Mega fainted!<br></div><div class="chat message-error">Polar_OT has 120 seconds left.</div><div class="spacer battle-history"><br></div><div class="battle-history">Polar_OT sent out <strong>Amoonguss</strong>!<br></div><div class="spacer battle-history"><br></div><h2 class="battle-history">Turn 5</h2><div class="chat message-error">Polar_OT has 120 seconds left.</div><div class="spacer battle-history"><br></div><div class="battle-history">Tapu Fini, come back!<br></div><div class="battle-history">Go! <strong>Manectric</strong>!<br></div><div class="spacer battle-history"><br></div><div class="battle-history">Incineroar used <strong>Fake Out</strong>!<br></div><div class="battle-history"><small>(The opposing Amoonguss lost 11% of its health!)</small><br></div><div class="spacer battle-history"><br></div><div class="battle-history">The opposing Amoonguss flinched and couldn't move!<br></div><div class="spacer battle-history"><br></div><div class="battle-history">The opposing Cresselia used <strong>Moonlight</strong>!<br></div><div class="battle-history"><small>The opposing Cresselia had its HP restored.</small><br></div><div class="spacer battle-history"><br></div><h2 class="battle-history">Turn 6</h2><div class="chat message-error">Polar_OT has 120 seconds left.</div><div class="spacer battle-history"><br></div><div class="battle-history"><small>Manectric-Mega's Manectite is reacting to the Key Stone!</small><br>Manectric-Mega has Mega Evolved into Mega Manectric!<br></div><div class="battle-history">[Manectric-Mega's Intimidate]<br></div><div class="battle-history"><small>The opposing Cresselia's Attack fell!</small><br></div><div class="battle-history"><small>The opposing Amoonguss's Attack fell!</small><br></div><div class="spacer battle-history"><br></div><div class="battle-history">The opposing Amoonguss used <strong>Spore</strong>!<br></div><div class="battle-history"><small>Manectric-Mega surrounds itself with a protective mist!</small><br></div><div class="spacer battle-history"><br></div><div class="battle-history">Incineroar used <strong>Knock Off</strong>!<br></div><div class="battle-history"><small>It's super effective!</small><br></div><div class="battle-history"><small>(The opposing Cresselia lost 34% of its health!)</small><br></div><div class="spacer battle-history"><br></div><div class="battle-history">The opposing Cresselia used <strong>Moonblast</strong>!<br></div><div class="battle-history"><small>(Manectric-Mega lost <abbr title="−108/314">34.4%</abbr> of its health!)</small><br></div><div class="spacer battle-history"><br></div><div class="battle-history">Manectric-Mega used <strong>Snarl</strong>!<br></div><div class="battle-history"><small>It's super effective on the opposing Cresselia!</small><br></div><div class="battle-history"><small>(The opposing Cresselia lost 18% of its health!)</small><br></div><div class="battle-history"><small>(The opposing Amoonguss lost 8% of its health!)</small><br></div><div class="battle-history"><small>The opposing Cresselia's Sp. Atk fell!</small><br></div><div class="battle-history"><small>The opposing Amoonguss's Sp. Atk fell!</small><br></div><div class="spacer battle-history"><br></div><div class="battle-history"><small>The mist disappeared from the battlefield.</small><br></div><div class="battle-history"><small>The twisted dimensions returned to normal!</small><br></div><div class="spacer battle-history"><br></div><h2 class="battle-history">Turn 7</h2><div class="chat message-error">Polar_OT has 120 seconds left.</div><div class="chat message-error">opbidoof6969 has 120 seconds left.</div><div class="spacer battle-history"><br></div><div class="battle-history">Manectric, come back!<br></div><div class="battle-history">Go! <strong>Tapu Fini</strong>!<br></div><div class="battle-history">[Tapu Fini's Misty Surge]<br><small>Mist swirled around the battlefield!</small><br></div><div class="spacer battle-history"><br></div><div class="battle-history">Incineroar used <strong>Flare Blitz</strong>!<br></div><div class="battle-history"><small>It's super effective!</small><br></div><div class="battle-history"><small>(The opposing Amoonguss lost 81% of its health!)</small><br></div><div class="battle-history"><small>Incineroar was damaged by the recoil!</small><br></div><div class="spacer battle-history"><br></div><div class="battle-history">The opposing Amoonguss fainted!<br></div><div class="battle-history">The opposing Cresselia used <strong>Trick Room</strong>!<br></div><div class="battle-history"><small>The opposing Cresselia twisted the dimensions!</small><br></div><div class="spacer battle-history"><br></div><div class="battle-history">Polar_OT sent out <strong>Magnezone</strong>!<br></div><div class="spacer battle-history"><br></div><h2 class="battle-history">Turn 8</h2><div class="chat message-error">Polar_OT has 120 seconds left.</div><div class="spacer battle-history"><br></div><div class="battle-history">Tapu Fini, come back!<br></div><div class="battle-history">Go! <strong>Manectric-Mega</strong>!<br></div><div class="battle-history">[Manectric-Mega's Intimidate]<br></div><div class="battle-history"><small>The opposing Cresselia's Attack fell!</small><br></div><div class="battle-history"><small>The opposing Magnezone's Attack fell!</small><br></div><div class="spacer battle-history"><br></div><div class="battle-history">Incineroar used <strong>Flare Blitz</strong>!<br></div><div class="battle-history"><small>It's super effective!</small><br></div><div class="battle-history"><small>(The opposing Magnezone lost 82% of its health!)</small><br></div><div class="battle-history"><small>(The opposing Magnezone ate its Aguav Berry!)</small><br></div><div class="battle-history"><small>The opposing Magnezone restored HP using its Aguav Berry!</small><br></div><div class="battle-history"><small>Incineroar was damaged by the recoil!</small><br></div><div class="spacer battle-history"><br></div><div class="battle-history">The opposing Magnezone used <strong>Thunderbolt</strong>!<br></div><div class="battle-history"><small>It's not very effective...</small><br></div><div class="battle-history"><small>(Manectric-Mega lost <abbr title="−102/314">32.5%</abbr> of its health!)</small><br></div><div class="spacer battle-history"><br></div><div class="battle-history">The opposing Cresselia used <strong>Moonlight</strong>!<br></div><div class="battle-history"><small>The opposing Cresselia had its HP restored.</small><br></div><div class="spacer battle-history"><br></div><h2 class="battle-history">Turn 9</h2><div class="chat message-error">Polar_OT has 120 seconds left.</div><div class="spacer battle-history"><br></div><div class="battle-history">Incineroar, come back!<br></div><div class="battle-history">Go! <strong>Zygarde</strong>!<br></div><div class="battle-history">[Zygarde's Aura Break]<br><small>Zygarde reversed all other Pokémon's auras!</small><br></div><div class="spacer battle-history"><br></div><div class="battle-history">The opposing Magnezone used <strong>Flash Cannon</strong>!<br></div><div class="battle-history"><small>It's not very effective...</small><br></div><div class="battle-history"><small>(Manectric-Mega lost <abbr title="−78/314">24.8%</abbr> of its health!)</small><br></div><div class="spacer battle-history"><br></div><div class="battle-history">The opposing Cresselia used <strong>Moonblast</strong>!<br></div><div class="battle-history"><small>Zygarde avoided the attack!</small><br></div><div class="spacer battle-history"><br></div><div class="battle-history">Manectric-Mega used <strong>Snarl</strong>!<br></div><div class="battle-history"><small>It's super effective on the opposing Cresselia!</small><br></div><div class="battle-history"><small>(The opposing Cresselia lost 16% of its health!)</small><br></div><div class="battle-history"><small>(The opposing Magnezone lost 14% of its health!)</small><br></div><div class="battle-history"><small>The opposing Cresselia's Sp. Atk fell!</small><br></div><div class="battle-history"><small>The opposing Magnezone's Sp. Atk fell!</small><br></div><div class="spacer battle-history"><br></div><h2 class="battle-history">Turn 10</h2><div class="chat message-error">Polar_OT has 120 seconds left.</div><div class="spacer battle-history"><br></div><div class="battle-history">Zygarde, come back!<br></div><div class="battle-history">Go! <strong>Mew</strong>!<br></div><div class="spacer battle-history"><br></div><div class="battle-history">Manectric-Mega used <strong>Protect</strong>!<br></div><div class="battle-history"><small>Manectric-Mega protected itself!</small><br></div><div class="spacer battle-history"><br></div><div class="battle-history">The opposing Magnezone used <strong>Flash Cannon</strong>!<br></div><div class="battle-history"><small>Manectric-Mega protected itself!</small><br></div><div class="spacer battle-history"><br></div><div class="battle-history">The opposing Cresselia used <strong>Ice Beam</strong>!<br></div><div class="battle-history"><small>(Mew lost <abbr title="−43/404">10.6%</abbr> of its health!)</small><br></div><div class="spacer battle-history"><br></div><h2 class="battle-history">Turn 11</h2><div class="spacer battle-history"><br></div><div class="battle-history">Manectric, come back!<br></div><div class="battle-history">Go! <strong>Incineroar</strong>!<br></div><div class="battle-history">[Incineroar's Intimidate]<br></div><div class="battle-history"><small>The opposing Cresselia's Attack fell!</small><br></div><div class="battle-history"><small>The opposing Magnezone's Attack fell!</small><br></div><div class="spacer battle-history"><br></div><div class="battle-history">The opposing Magnezone used <strong>Thunderbolt</strong>!<br></div><div class="battle-history"><small>(Mew lost <abbr title="−102/404">25.2%</abbr> of its health!)</small><br></div><div class="spacer battle-history"><br></div><div class="battle-history">The opposing Cresselia used <strong>Ice Beam</strong>!<br></div><div class="battle-history"><small>Incineroar avoided the attack!</small><br></div><div class="spacer battle-history"><br></div><div class="battle-history">Mew used <strong>U-turn</strong>!<br></div><div class="battle-history"><small>It's super effective!</small><br></div><div class="battle-history"><small>(The opposing Cresselia lost 20% of its health!)</small><br></div><div class="spacer battle-history"><br></div><div class="battle-history">Mew went back to opbidoof6969!<br></div><div class="battle-history">Go! <strong>Kartana</strong>!<br></div><div class="spacer battle-history"><br></div><div class="battle-history"><small>The mist disappeared from the battlefield.</small><br></div><div class="battle-history"><small>The twisted dimensions returned to normal!</small><br></div><div class="spacer battle-history"><br></div><h2 class="battle-history">Turn 12</h2><div class="spacer battle-history"><br></div><div class="battle-history">Incineroar used <strong>Fake Out</strong>!<br></div><div class="battle-history"><small>(The opposing Cresselia lost 7% of its health!)</small><br></div><div class="battle-history"><small>Kartana surrounded itself with its Z-Power!</small><br></div><div class="spacer battle-history"><br></div><div class="battle-history">Kartana used <strong>Bloom Doom</strong>!<br></div><div class="battle-history"><small>(The opposing Cresselia lost 55% of its health!)</small><br></div><div class="spacer battle-history"><br></div><div class="battle-history">The opposing Cresselia fainted!<br></div><div class="battle-history">[Kartana's Beast Boost]<br></div><div class="battle-history"><small>Kartana's Attack rose!</small><br></div><div class="spacer battle-history"><br></div><div class="battle-history">The opposing Magnezone used <strong>Hidden Power</strong>!<br></div><div class="battle-history"><small>It's super effective!</small><br></div><div class="battle-history"><small>(Kartana lost <abbr title="−276/277">99.6%</abbr> of its health!)</small><br></div><div class="spacer battle-history"><br></div><div class="battle-history">Polar_OT sent out <strong>Jellicent</strong>!<br></div><div class="spacer battle-history"><br></div><h2 class="battle-history">Turn 13</h2><div class="spacer battle-history"><br></div><div class="battle-history">Kartana used <strong>Protect</strong>!<br></div><div class="battle-history"><small>Kartana protected itself!</small><br></div><div class="spacer battle-history"><br></div><div class="battle-history">Incineroar used <strong>Flare Blitz</strong>!<br></div><div class="battle-history"><small>It's super effective!</small><br></div><div class="battle-history"><small>(The opposing Magnezone lost 54% of its health!)</small><br></div><div class="battle-history"><small>Incineroar was damaged by the recoil!</small><br></div><div class="battle-history"><small>(Incineroar ate its Aguav Berry!)</small><br></div><div class="battle-history"><small>Incineroar restored HP using its Aguav Berry!</small><br></div><div class="spacer battle-history"><br></div><div class="battle-history">The opposing Magnezone fainted!<br></div><div class="battle-history">The opposing Jellicent used <strong>Scald</strong>!<br></div><div class="battle-history"><small>It's super effective!</small><br></div><div class="battle-history"><small>(Incineroar lost <abbr title="−146/394">37.1%</abbr> of its health!)</small><br></div><div class="spacer battle-history"><br></div><h2 class="battle-history">Turn 14</h2><div class="spacer battle-history"><br></div><div class="battle-history"><small>Polar_OT forfeited.</small><br></div><div class="spacer battle-history"><br></div><div class="battle-history"><strong>opbidoof6969</strong> won the battle!<br></div><div class="chat">Ladder updating...</div><div class="chat"><small>☆Polar_OT left.</small></div></div><div class="inner-preempt message-log"></div></div></div>
</div>
<script>
let daily = Math.floor(Date.now()/1000/60/60/24);document.write('<script src="https://play.pokemonshowdown.com/js/replay-embed.js?version'+daily+'"></'+'script>');
</script>
