<!DOCTYPE html>
<meta charset="utf-8" />
<!-- version 1 -->
<title>[Gen 7] OU replay: dljwenelfjn vs. opbidoof6969</title>
<style>
html,body {font-family:Verdana, sans-serif;font-size:10pt;margin:0;padding:0;}body{padding:12px 0;} .battle-log {font-family:Verdana, sans-serif;font-size:10pt;} .battle-log-inline {border:1px solid #AAAAAA;background:#EEF2F5;color:black;max-width:640px;margin:0 auto 80px;padding-bottom:5px;} .battle-log .inner {padding:4px 8px 0px 8px;} .battle-log .inner-preempt {padding:0 8px 4px 8px;} .battle-log .inner-after {margin-top:0.5em;} .battle-log h2 {margin:0.5em -8px;padding:4px 8px;border:1px solid #AAAAAA;background:#E0E7EA;border-left:0;border-right:0;font-family:Verdana, sans-serif;font-size:13pt;} .battle-log .chat {vertical-align:middle;padding:3px 0 3px 0;font-size:8pt;} .battle-log .chat strong {color:#40576A;} .battle-log .chat em {padding:1px 4px 1px 3px;color:#000000;font-style:normal;} .chat.mine {background:rgba(0,0,0,0.05);margin-left:-8px;margin-right:-8px;padding-left:8px;padding-right:8px;} .spoiler {color:#BBBBBB;background:#BBBBBB;padding:0px 3px;} .spoiler:hover, .spoiler:active, .spoiler-shown {color:#000000;background:#E2E2E2;padding:0px 3px;} .spoiler a {color:#BBBBBB;} .spoiler:hover a, .spoiler:active a, .spoiler-shown a {color:#2288CC;} .chat code, .chat .spoiler:hover code, .chat .spoiler:active code, .chat .spoiler-shown code {border:1px solid #C0C0C0;background:#EEEEEE;color:black;padding:0 2px;} .chat .spoiler code {border:1px solid #CCCCCC;background:#CCCCCC;color:#CCCCCC;} .battle-log .rated {padding:3px 4px;} .battle-log .rated strong {color:white;background:#89A;padding:1px 4px;border-radius:4px;} .spacer {margin-top:0.5em;} .message-announce {background:#6688AA;color:white;padding:1px 4px 2px;} .message-announce a, .broadcast-green a, .broadcast-blue a, .broadcast-red a {color:#DDEEFF;} .broadcast-green {background-color:#559955;color:white;padding:2px 4px;} .broadcast-blue {background-color:#6688AA;color:white;padding:2px 4px;} .infobox {border:1px solid #6688AA;padding:2px 4px;} .infobox-limited {max-height:200px;overflow:auto;overflow-x:hidden;} .broadcast-red {background-color:#AA5544;color:white;padding:2px 4px;} .message-learn-canlearn {font-weight:bold;color:#228822;text-decoration:underline;} .message-learn-cannotlearn {font-weight:bold;color:#CC2222;text-decoration:underline;} .message-effect-weak {font-weight:bold;color:#CC2222;} .message-effect-resist {font-weight:bold;color:#6688AA;} .message-effect-immune {font-weight:bold;color:#666666;} .message-learn-list {margin-top:0;margin-bottom:0;} .message-throttle-notice, .message-error {color:#992222;} .message-overflow, .chat small.message-overflow {font-size:0pt;} .message-overflow::before {font-size:9pt;content:'...';} .subtle {color:#3A4A66;}
</style>
<div class="wrapper replay-wrapper" style="max-width:1180px;margin:0 auto">
<input type="hidden" name="replayid" value="gen7ou-1141652020" />
<div class="battle"></div><div class="battle-log"></div><div class="replay-controls"></div><div class="replay-controls-2"></div>
<h1 style="font-weight:normal;text-align:center"><strong>[Gen 7] OU</strong><br /><a href="http://pokemonshowdown.com/users/dljwenelfjn" class="subtle" target="_blank">dljwenelfjn</a> vs. <a href="http://pokemonshowdown.com/users/opbidoof6969" class="subtle" target="_blank">opbidoof6969</a></h1>
<script type="text/plain" class="battle-log-data">|j|☆dljwenelfjn
|j|☆opbidoof6969


|player|p1|dljwenelfjn|shadowtriad|1083


|player|p2|opbidoof6969|ghetsis-gen5bw|1235
|teamsize|p1|6
|teamsize|p2|6
|gametype|singles
|gen|7
|tier|[Gen 7] OU
|rated|
|clearpoke
|poke|p1|Dusclops, F|item
|poke|p1|Claydol|item
|poke|p1|Sceptile, F|item
|poke|p1|Metagross|item
|poke|p1|Exploud, F|item
|poke|p1|Vileplume, F|item
|poke|p2|Landorus-Therian, M|item
|poke|p2|Greninja, F|item
|poke|p2|Tapu Koko|item
|poke|p2|Ferrothorn, M|item
|poke|p2|Latias, F|item
|poke|p2|Heatran, F|item
|rule|Sleep Clause Mod: Limit one foe put to sleep
|rule|Species Clause: Limit one of each Pokémon
|rule|OHKO Clause: OHKO moves are banned
|rule|Moody Clause: Moody is banned
|rule|Evasion Moves Clause: Evasion moves are banned
|rule|Endless Battle Clause: Forcing endless battles is banned
|rule|HP Percentage Mod: HP is shown in percentages
|teampreview


|inactive|Battle timer is ON: inactive players will automatically lose when time's up. (requested by opbidoof6969)

|inactive|Time left: 150 sec this turn | 150 sec total | 60 sec grace

|
|start
|switch|p1a: Claydol|Claydol|100\/100
|switch|p2a: Ferrothorn|Ferrothorn, M|352\/352
|turn|1

|inactive|Time left: 150 sec this turn | 150 sec total

|
|move|p1a: Claydol|Cosmic Power|p1a: Claydol
|-boost|p1a: Claydol|def|1
|-boost|p1a: Claydol|spd|1
|move|p2a: Ferrothorn|Leech Seed|p1a: Claydol
|-start|p1a: Claydol|move: Leech Seed
|
|-damage|p1a: Claydol|88\/100|[from] Leech Seed|[of] p2a: Ferrothorn
|upkeep
|turn|2

|inactive|Time left: 150 sec this turn | 150 sec total

|
|move|p1a: Claydol|Stealth Rock|p2a: Ferrothorn
|-sidestart|p2: opbidoof6969|move: Stealth Rock
|move|p2a: Ferrothorn|Stealth Rock|p1a: Claydol
|-sidestart|p1: dljwenelfjn|move: Stealth Rock
|
|-damage|p1a: Claydol|76\/100|[from] Leech Seed|[of] p2a: Ferrothorn
|upkeep
|turn|3

|inactive|Time left: 150 sec this turn | 150 sec total

|
|move|p1a: Claydol|Cosmic Power|p1a: Claydol
|-boost|p1a: Claydol|def|1
|-boost|p1a: Claydol|spd|1
|move|p2a: Ferrothorn|Power Whip|p1a: Claydol
|-supereffective|p1a: Claydol
|-damage|p1a: Claydol|32\/100
|
|-damage|p1a: Claydol|20\/100|[from] Leech Seed|[of] p2a: Ferrothorn
|upkeep
|turn|4

|inactive|Time left: 150 sec this turn | 150 sec total

|
|move|p1a: Claydol|Earthquake|p2a: Ferrothorn
|-damage|p2a: Ferrothorn|214\/352
|-damage|p1a: Claydol|10\/100|[from] item: Life Orb
|move|p2a: Ferrothorn|Gyro Ball|p1a: Claydol
|-damage|p1a: Claydol|0 fnt
|faint|p1a: Claydol
|
|-heal|p2a: Ferrothorn|236\/352|[from] item: Leftovers
|upkeep

|inactive|Time left: 140 sec this turn | 140 sec total

|
|switch|p1a: Exploud|Exploud, F|100\/100
|-damage|p1a: Exploud|88\/100|[from] Stealth Rock
|turn|5

|inactive|Time left: 150 sec this turn | 150 sec total

|
|switch|p2a: Landorus|Landorus-Therian, M|382\/382
|-damage|p2a: Landorus|335\/382|[from] Stealth Rock
|-ability|p2a: Landorus|Intimidate|boost
|-unboost|p1a: Exploud|atk|1
|move|p1a: Exploud|Overheat|p2a: Landorus
|-damage|p2a: Landorus|215\/382
|-unboost|p1a: Exploud|spa|2
|
|upkeep
|turn|6

|inactive|Time left: 150 sec this turn | 150 sec total

|
|switch|p1a: Vileplume|Vileplume, F|100\/100
|-damage|p1a: Vileplume|88\/100|[from] Stealth Rock
|move|p2a: Landorus|U-turn|p1a: Vileplume
|-damage|p1a: Vileplume|62\/100

|inactive|Time left: 150 sec this turn | 150 sec total

|
|switch|p2a: Heatran|Heatran, F|386\/386
|-damage|p2a: Heatran|338\/386|[from] Stealth Rock
|
|-heal|p1a: Vileplume|68\/100|[from] item: Leftovers
|upkeep
|turn|7

|inactive|Time left: 150 sec this turn | 150 sec total

|
|switch|p1a: Exploud|Exploud, F|88\/100
|-damage|p1a: Exploud|76\/100|[from] Stealth Rock
|move|p2a: Heatran|Lava Plume|p1a: Exploud
|-damage|p1a: Exploud|40\/100
|-status|p1a: Exploud|brn
|
|-damage|p1a: Exploud|34\/100 brn|[from] brn
|upkeep
|turn|8

|inactive|Time left: 150 sec this turn | 150 sec total

|
|move|p2a: Heatran|Lava Plume|p1a: Exploud
|-damage|p1a: Exploud|0 fnt
|faint|p1a: Exploud
|
|upkeep

|inactive|Time left: 140 sec this turn | 140 sec total

|
|switch|p1a: Metagross|Metagross|100\/100
|-damage|p1a: Metagross|94\/100|[from] Stealth Rock
|turn|9

|inactive|Time left: 150 sec this turn | 150 sec total

|
|switch|p2a: Landorus|Landorus-Therian, M|215\/382
|-damage|p2a: Landorus|168\/382|[from] Stealth Rock
|-ability|p2a: Landorus|Intimidate|boost
|-fail|p1a: Metagross|unboost|[from] ability: Clear Body|[of] p1a: Metagross
|move|p1a: Metagross|Earthquake|p2a: Landorus
|-immune|p2a: Landorus
|
|upkeep
|turn|10

|inactive|Time left: 150 sec this turn | 150 sec total

|
|switch|p2a: Greninja|Greninja, F|285\/285
|-damage|p2a: Greninja|250\/285|[from] Stealth Rock
|move|p1a: Metagross|Meteor Mash|p2a: Greninja
|-resisted|p2a: Greninja
|-damage|p2a: Greninja|116\/285
|
|upkeep
|turn|11

|inactive|Time left: 145 sec this turn | 145 sec total

|
|move|p2a: Greninja|Dark Pulse|p1a: Metagross
|-start|p2a: Greninja|typechange|Dark|[from] ability: Protean
|-supereffective|p1a: Metagross
|-damage|p1a: Metagross|43\/100
|cant|p1a: Metagross|flinch
|
|upkeep
|turn|12

|inactive|Time left: 150 sec this turn | 150 sec total

|
|move|p2a: Greninja|Dark Pulse|p1a: Metagross
|-supereffective|p1a: Metagross
|-damage|p1a: Metagross|0 fnt
|faint|p1a: Metagross
|
|upkeep

|inactive|Time left: 150 sec this turn | 150 sec total

|
|switch|p1a: Sceptile|Sceptile, F|100\/100
|-damage|p1a: Sceptile|88\/100|[from] Stealth Rock
|turn|13

|inactive|Time left: 150 sec this turn | 150 sec total

|
|switch|p2a: Heatran|Heatran, F|338\/386
|-damage|p2a: Heatran|290\/386|[from] Stealth Rock
|detailschange|p1a: Sceptile|Sceptile-Mega, F
|-mega|p1a: Sceptile|Sceptile|Sceptilite
|move|p1a: Sceptile|Focus Blast|p2a: Heatran
|-supereffective|p2a: Heatran
|-damage|p2a: Heatran|148\/386
|
|upkeep
|turn|14

|inactive|Time left: 150 sec this turn | 150 sec total

|
|move|p1a: Sceptile|Focus Blast|p2a: Heatran|[miss]
|-miss|p1a: Sceptile|p2a: Heatran
|move|p2a: Heatran|Lava Plume|p1a: Sceptile
|-damage|p1a: Sceptile|40\/100
|-status|p1a: Sceptile|brn
|
|-damage|p1a: Sceptile|34\/100 brn|[from] brn
|upkeep
|turn|15

|inactive|Time left: 150 sec this turn | 150 sec total

|
|move|p1a: Sceptile|Focus Blast|p2a: Heatran
|-supereffective|p2a: Heatran
|-damage|p2a: Heatran|2\/386
|move|p2a: Heatran|Lava Plume|p1a: Sceptile
|-damage|p1a: Sceptile|0 fnt
|faint|p1a: Sceptile
|
|upkeep

|inactive|Time left: 140 sec this turn | 140 sec total

|
|switch|p1a: Vileplume|Vileplume, F|68\/100
|-damage|p1a: Vileplume|56\/100|[from] Stealth Rock
|turn|16

|inactive|Time left: 150 sec this turn | 150 sec total

|
|switch|p2a: Latias|Latias, F|364\/364
|-damage|p2a: Latias|319\/364|[from] Stealth Rock
|move|p1a: Vileplume|Sunny Day|p1a: Vileplume
|-weather|SunnyDay
|
|-weather|SunnyDay|[upkeep]
|-heal|p1a: Vileplume|62\/100|[from] item: Leftovers
|upkeep
|turn|17

|inactive|Time left: 150 sec this turn | 150 sec total

|
|detailschange|p2a: Latias|Latias-Mega, F
|-mega|p2a: Latias|Latias|Latiasite
|move|p2a: Latias|Psyshock|p1a: Vileplume
|-supereffective|p1a: Vileplume
|-damage|p1a: Vileplume|0 fnt
|faint|p1a: Vileplume
|
|-weather|SunnyDay|[upkeep]
|upkeep

|inactive|Time left: 150 sec this turn | 150 sec total

|
|switch|p1a: Dusclops|Dusclops, F|100\/100
|-damage|p1a: Dusclops|88\/100|[from] Stealth Rock
|-ability|p1a: Dusclops|Pressure
|turn|18

|inactive|Time left: 150 sec this turn | 150 sec total

|
|switch|p2a: Ferrothorn|Ferrothorn, M|236\/352
|-damage|p2a: Ferrothorn|214\/352|[from] Stealth Rock
|move|p1a: Dusclops|Will-O-Wisp|p2a: Ferrothorn
|-status|p2a: Ferrothorn|brn
|
|-weather|SunnyDay|[upkeep]
|-heal|p2a: Ferrothorn|236\/352 brn|[from] item: Leftovers
|-damage|p2a: Ferrothorn|214\/352 brn|[from] brn
|upkeep
|turn|19

|inactive|Time left: 150 sec this turn | 150 sec total

|
|move|p1a: Dusclops|Earthquake|p2a: Ferrothorn
|-damage|p2a: Ferrothorn|146\/352 brn
|move|p2a: Ferrothorn|Leech Seed|p1a: Dusclops
|-start|p1a: Dusclops|move: Leech Seed
|
|-weather|SunnyDay|[upkeep]
|-heal|p2a: Ferrothorn|168\/352 brn|[from] item: Leftovers
|-damage|p1a: Dusclops|76\/100|[from] Leech Seed|[of] p2a: Ferrothorn
|-heal|p2a: Ferrothorn|195\/352 brn|[silent]
|-damage|p2a: Ferrothorn|173\/352 brn|[from] brn
|upkeep
|turn|20

|inactive|Time left: 150 sec this turn | 150 sec total

|
|switch|p2a: Latias|Latias-Mega, F|319\/364
|-damage|p2a: Latias|274\/364|[from] Stealth Rock
|move|p1a: Dusclops|Shadow Punch|p2a: Latias
|-supereffective|p2a: Latias
|-damage|p2a: Latias|148\/364
|
|-weather|none
|-damage|p1a: Dusclops|64\/100|[from] Leech Seed|[of] p2a: Latias
|-heal|p2a: Latias|175\/364|[silent]
|upkeep
|turn|21

|inactive|Time left: 150 sec this turn | 150 sec total

|
|move|p2a: Latias|Roost|p2a: Latias
|-heal|p2a: Latias|357\/364
|-singleturn|p2a: Latias|move: Roost
|move|p1a: Dusclops|Shadow Punch|p2a: Latias
|-supereffective|p2a: Latias
|-damage|p2a: Latias|229\/364
|
|-damage|p1a: Dusclops|52\/100|[from] Leech Seed|[of] p2a: Latias
|-heal|p2a: Latias|256\/364|[silent]
|upkeep
|turn|22

|inactive|Time left: 150 sec this turn | 150 sec total

|
|move|p2a: Latias|Draco Meteor|p1a: Dusclops
|-damage|p1a: Dusclops|3\/100
|-unboost|p2a: Latias|spa|2
|move|p1a: Dusclops|Shadow Punch|p2a: Latias
|-supereffective|p2a: Latias
|-damage|p2a: Latias|116\/364
|
|-damage|p1a: Dusclops|0 fnt|[from] Leech Seed|[of] p2a: Latias
|-heal|p2a: Latias|121\/364|[silent]
|faint|p1a: Dusclops
|
|win|opbidoof6969
|upkeep

|inactive|Time left: 150 sec this turn | 150 sec total
||Ladder updating...</script>
</div>
<div class="battle-log battle-log-inline"><div class="inner"><div class="battle-options"><div style="padding-top: 3px; padding-right: 3px; text-align: right"><button class="icon button" name="openBattleOptions" title="Options">Battle Options</button></div></div><div class="inner message-log"><div class="chat"><small>☆dljwenelfjn joined.</small></div><div class="chat"><small>☆opbidoof6969 joined.</small></div><div class=""><small>Format:</small> <br><strong>[Gen 7] OU</strong></div><div class="rated"><strong>Rated battle</strong></div><div class=""><small><em>Sleep Clause Mod:</em> Limit one foe put to sleep</small></div><div class=""><small><em>Species Clause:</em> Limit one of each Pokémon</small></div><div class=""><small><em>OHKO Clause:</em> OHKO moves are banned</small></div><div class=""><small><em>Moody Clause:</em> Moody is banned</small></div><div class=""><small><em>Evasion Moves Clause:</em> Evasion moves are banned</small></div><div class=""><small><em>Endless Battle Clause:</em> Forcing endless battles is banned</small></div><div class=""><small><em>HP Percentage Mod:</em> HP is shown in percentages</small></div><div class="chat battle-history"><strong>opbidoof6969's team:</strong> <em style="color:#445566;display:block;">Landorus-Therian / Greninja / Tapu Koko / Ferrothorn / Latias / Heatran</em></div><div class="chat battle-history"><strong>dljwenelfjn's team:</strong> <em style="color:#445566;display:block;">Dusclops / Claydol / Sceptile / Metagross / Exploud / Vileplume</em></div><div class="chat message-error">Battle timer is ON: inactive players will automatically lose when time's up. (requested by opbidoof6969)</div><div class="spacer battle-history"><br></div><div class="battle-history">Battle started between dljwenelfjn and opbidoof6969!<br></div><div class="spacer battle-history"><br></div><div class="battle-history">dljwenelfjn sent out <strong>Claydol</strong>!<br></div><div class="spacer battle-history"><br></div><div class="battle-history">Go! <strong>Ferrothorn</strong>!<br></div><div class="spacer battle-history"><br></div><h2 class="battle-history">Turn 1</h2><div class="spacer battle-history"><br></div><div class="battle-history">The opposing Claydol used <strong>Cosmic Power</strong>!<br></div><div class="battle-history"><small>The opposing Claydol's Defense rose!</small><br></div><div class="battle-history"><small>The opposing Claydol's Sp. Def rose!</small><br></div><div class="spacer battle-history"><br></div><div class="battle-history">Ferrothorn used <strong>Leech Seed</strong>!<br></div><div class="battle-history"><small>The opposing Claydol was seeded!</small><br></div><div class="spacer battle-history"><br></div><div class="battle-history"><small>The opposing Claydol's health is sapped by Leech Seed!</small><br></div><div class="spacer battle-history"><br></div><h2 class="battle-history">Turn 2</h2><div class="spacer battle-history"><br></div><div class="battle-history">The opposing Claydol used <strong>Stealth Rock</strong>!<br></div><div class="battle-history"><small>Pointed stones float in the air around your team!</small><br></div><div class="spacer battle-history"><br></div><div class="battle-history">Ferrothorn used <strong>Stealth Rock</strong>!<br></div><div class="battle-history"><small>Pointed stones float in the air around the opposing team!</small><br></div><div class="spacer battle-history"><br></div><div class="battle-history"><small>The opposing Claydol's health is sapped by Leech Seed!</small><br></div><div class="spacer battle-history"><br></div><h2 class="battle-history">Turn 3</h2><div class="spacer battle-history"><br></div><div class="battle-history">The opposing Claydol used <strong>Cosmic Power</strong>!<br></div><div class="battle-history"><small>The opposing Claydol's Defense rose!</small><br></div><div class="battle-history"><small>The opposing Claydol's Sp. Def rose!</small><br></div><div class="spacer battle-history"><br></div><div class="battle-history">Ferrothorn used <strong>Power Whip</strong>!<br></div><div class="battle-history"><small>It's super effective!</small><br></div><div class="battle-history"><small>(The opposing Claydol lost 44% of its health!)</small><br></div><div class="spacer battle-history"><br></div><div class="battle-history"><small>The opposing Claydol's health is sapped by Leech Seed!</small><br></div><div class="spacer battle-history"><br></div><h2 class="battle-history">Turn 4</h2><div class="spacer battle-history"><br></div><div class="battle-history">The opposing Claydol used <strong>Earthquake</strong>!<br></div><div class="battle-history"><small>(Ferrothorn lost <abbr title="−138/352">39.2%</abbr> of its health!)</small><br></div><div class="battle-history"><small>The opposing Claydol lost some of its HP!</small><br></div><div class="spacer battle-history"><br></div><div class="battle-history">Ferrothorn used <strong>Gyro Ball</strong>!<br></div><div class="battle-history"><small>(The opposing Claydol lost 10% of its health!)</small><br></div><div class="spacer battle-history"><br></div><div class="battle-history">The opposing Claydol fainted!<br></div><div class="spacer battle-history"><br></div><div class="battle-history"><small>Ferrothorn restored a little HP using its Leftovers!</small><br></div><div class="spacer battle-history"><br></div><div class="battle-history">dljwenelfjn sent out <strong>Exploud</strong>!<br></div><div class="battle-history"><small>Pointed stones dug into the opposing Exploud!</small><br></div><div class="spacer battle-history"><br></div><h2 class="battle-history">Turn 5</h2><div class="spacer battle-history"><br></div><div class="battle-history">Ferrothorn, come back!<br></div><div class="battle-history">Go! <strong>Landorus-Therian</strong>!<br></div><div class="battle-history"><small>Pointed stones dug into Landorus-Therian!</small><br></div><div class="battle-history">[Landorus-Therian's Intimidate]<br></div><div class="battle-history"><small>The opposing Exploud's Attack fell!</small><br></div><div class="spacer battle-history"><br></div><div class="battle-history">The opposing Exploud used <strong>Overheat</strong>!<br></div><div class="battle-history"><small>(Landorus-Therian lost <abbr title="−120/382">31.4%</abbr> of its health!)</small><br></div><div class="battle-history"><small>The opposing Exploud's Sp. Atk fell harshly!</small><br></div><div class="spacer battle-history"><br></div><h2 class="battle-history">Turn 6</h2><div class="spacer battle-history"><br></div><div class="battle-history">dljwenelfjn withdrew Exploud!<br></div><div class="battle-history">dljwenelfjn sent out <strong>Vileplume</strong>!<br></div><div class="battle-history"><small>Pointed stones dug into the opposing Vileplume!</small><br></div><div class="spacer battle-history"><br></div><div class="battle-history">Landorus-Therian used <strong>U-turn</strong>!<br></div><div class="battle-history"><small>(The opposing Vileplume lost 26% of its health!)</small><br></div><div class="spacer battle-history"><br></div><div class="battle-history">Landorus went back to opbidoof6969!<br></div><div class="battle-history">Go! <strong>Heatran</strong>!<br></div><div class="battle-history"><small>Pointed stones dug into Heatran!</small><br></div><div class="spacer battle-history"><br></div><div class="battle-history"><small>The opposing Vileplume restored a little HP using its Leftovers!</small><br></div><div class="spacer battle-history"><br></div><h2 class="battle-history">Turn 7</h2><div class="spacer battle-history"><br></div><div class="battle-history">dljwenelfjn withdrew Vileplume!<br></div><div class="battle-history">dljwenelfjn sent out <strong>Exploud</strong>!<br></div><div class="battle-history"><small>Pointed stones dug into the opposing Exploud!</small><br></div><div class="spacer battle-history"><br></div><div class="battle-history">Heatran used <strong>Lava Plume</strong>!<br></div><div class="battle-history"><small>(The opposing Exploud lost 36% of its health!)</small><br></div><div class="battle-history"><small>The opposing Exploud was burned!</small><br></div><div class="spacer battle-history"><br></div><div class="battle-history"><small>The opposing Exploud was hurt by its burn!</small><br></div><div class="spacer battle-history"><br></div><h2 class="battle-history">Turn 8</h2><div class="spacer battle-history"><br></div><div class="battle-history">Heatran used <strong>Lava Plume</strong>!<br></div><div class="battle-history"><small>(The opposing Exploud lost 34% of its health!)</small><br></div><div class="spacer battle-history"><br></div><div class="battle-history">The opposing Exploud fainted!<br></div><div class="spacer battle-history"><br></div><div class="battle-history">dljwenelfjn sent out <strong>Metagross</strong>!<br></div><div class="battle-history"><small>Pointed stones dug into the opposing Metagross!</small><br></div><div class="spacer battle-history"><br></div><h2 class="battle-history">Turn 9</h2><div class="spacer battle-history"><br></div><div class="battle-history">Heatran, come back!<br></div><div class="battle-history">Go! <strong>Landorus-Therian</strong>!<br></div><div class="battle-history"><small>Pointed stones dug into Landorus-Therian!</small><br></div><div class="battle-history">[Landorus-Therian's Intimidate]<br></div><div class="battle-history">[The opposing Metagross's Clear Body]<br><small>The opposing Metagross's stats were not lowered!</small><br></div><div class="spacer battle-history"><br></div><div class="battle-history">The opposing Metagross used <strong>Earthquake</strong>!<br></div><div class="battle-history"><small>It doesn't affect Landorus-Therian...</small><br></div><div class="spacer battle-history"><br></div><h2 class="battle-history">Turn 10</h2><div class="spacer battle-history"><br></div><div class="battle-history">Landorus, come back!<br></div><div class="battle-history">Go! <strong>Greninja</strong>!<br></div><div class="battle-history"><small>Pointed stones dug into Greninja!</small><br></div><div class="spacer battle-history"><br></div><div class="battle-history">The opposing Metagross used <strong>Meteor Mash</strong>!<br></div><div class="battle-history"><small>It's not very effective...</small><br></div><div class="battle-history"><small>(Greninja lost <abbr title="−134/285">47.0%</abbr> of its health!)</small><br></div><div class="spacer battle-history"><br></div><h2 class="battle-history">Turn 11</h2><div class="spacer battle-history"><br></div><div class="battle-history">Greninja used <strong>Dark Pulse</strong>!<br></div><div class="spacer battle-history"><br></div><div class="battle-history">[Greninja's Protean]<br><small>Greninja's type changed to Dark!</small><br></div><div class="battle-history"><small>It's super effective!</small><br></div><div class="battle-history"><small>(The opposing Metagross lost 51% of its health!)</small><br></div><div class="spacer battle-history"><br></div><div class="battle-history">The opposing Metagross flinched and couldn't move!<br></div><div class="spacer battle-history"><br></div><h2 class="battle-history">Turn 12</h2><div class="spacer battle-history"><br></div><div class="battle-history">Greninja used <strong>Dark Pulse</strong>!<br></div><div class="battle-history"><small>It's super effective!</small><br></div><div class="battle-history"><small>(The opposing Metagross lost 43% of its health!)</small><br></div><div class="spacer battle-history"><br></div><div class="battle-history">The opposing Metagross fainted!<br></div><div class="spacer battle-history"><br></div><div class="battle-history">dljwenelfjn sent out <strong>Sceptile</strong>!<br></div><div class="battle-history"><small>Pointed stones dug into the opposing Sceptile!</small><br></div><div class="spacer battle-history"><br></div><h2 class="battle-history">Turn 13</h2><div class="spacer battle-history"><br></div><div class="battle-history">Greninja, come back!<br></div><div class="battle-history">Go! <strong>Heatran</strong>!<br></div><div class="battle-history"><small>Pointed stones dug into Heatran!</small><br></div><div class="spacer battle-history"><br></div><div class="battle-history"><small>The opposing Sceptile-Mega's Sceptilite is reacting to the Key Stone!</small><br>The opposing Sceptile-Mega has Mega Evolved into Mega Sceptile!<br></div><div class="spacer battle-history"><br></div><div class="battle-history">The opposing Sceptile-Mega used <strong>Focus Blast</strong>!<br></div><div class="battle-history"><small>It's super effective!</small><br></div><div class="battle-history"><small>(Heatran lost <abbr title="−142/386">36.8%</abbr> of its health!)</small><br></div><div class="spacer battle-history"><br></div><h2 class="battle-history">Turn 14</h2><div class="spacer battle-history"><br></div><div class="battle-history">The opposing Sceptile-Mega used <strong>Focus Blast</strong>!<br></div><div class="battle-history"><small>Heatran avoided the attack!</small><br></div><div class="spacer battle-history"><br></div><div class="battle-history">Heatran used <strong>Lava Plume</strong>!<br></div><div class="battle-history"><small>(The opposing Sceptile-Mega lost 48% of its health!)</small><br></div><div class="battle-history"><small>The opposing Sceptile-Mega was burned!</small><br></div><div class="spacer battle-history"><br></div><div class="battle-history"><small>The opposing Sceptile-Mega was hurt by its burn!</small><br></div><div class="spacer battle-history"><br></div><h2 class="battle-history">Turn 15</h2><div class="spacer battle-history"><br></div><div class="battle-history">The opposing Sceptile-Mega used <strong>Focus Blast</strong>!<br></div><div class="battle-history"><small>It's super effective!</small><br></div><div class="battle-history"><small>(Heatran lost <abbr title="−146/386">37.8%</abbr> of its health!)</small><br></div><div class="spacer battle-history"><br></div><div class="battle-history">Heatran used <strong>Lava Plume</strong>!<br></div><div class="battle-history"><small>(The opposing Sceptile-Mega lost 34% of its health!)</small><br></div><div class="spacer battle-history"><br></div><div class="battle-history">The opposing Sceptile-Mega fainted!<br></div><div class="spacer battle-history"><br></div><div class="battle-history">dljwenelfjn sent out <strong>Vileplume</strong>!<br></div><div class="battle-history"><small>Pointed stones dug into the opposing Vileplume!</small><br></div><div class="spacer battle-history"><br></div><h2 class="battle-history">Turn 16</h2><div class="spacer battle-history"><br></div><div class="battle-history">Heatran, come back!<br></div><div class="battle-history">Go! <strong>Latias</strong>!<br></div><div class="battle-history"><small>Pointed stones dug into Latias!</small><br></div><div class="spacer battle-history"><br></div><div class="battle-history">The opposing Vileplume used <strong>Sunny Day</strong>!<br></div><div class="battle-history"><small>The sunlight turned harsh!</small><br></div><div class="spacer battle-history"><br></div><div class="battle-history"><small>(The sunlight is strong.)</small><br></div><div class="battle-history"><small>The opposing Vileplume restored a little HP using its Leftovers!</small><br></div><div class="spacer battle-history"><br></div><h2 class="battle-history">Turn 17</h2><div class="spacer battle-history"><br></div><div class="battle-history"><small>Latias-Mega's Latiasite is reacting to the Key Stone!</small><br>Latias-Mega has Mega Evolved into Mega Latias!<br></div><div class="spacer battle-history"><br></div><div class="battle-history">Latias-Mega used <strong>Psyshock</strong>!<br></div><div class="battle-history"><small>It's super effective!</small><br></div><div class="battle-history"><small>(The opposing Vileplume lost 62% of its health!)</small><br></div><div class="spacer battle-history"><br></div><div class="battle-history">The opposing Vileplume fainted!<br></div><div class="spacer battle-history"><br></div><div class="battle-history"><small>(The sunlight is strong.)</small><br></div><div class="spacer battle-history"><br></div><div class="battle-history">dljwenelfjn sent out <strong>Dusclops</strong>!<br></div><div class="battle-history"><small>Pointed stones dug into the opposing Dusclops!</small><br></div><div class="battle-history">[The opposing Dusclops's Pressure]<br><small>The opposing Dusclops is exerting its pressure!</small><br></div><div class="spacer battle-history"><br></div><h2 class="battle-history">Turn 18</h2><div class="spacer battle-history"><br></div><div class="battle-history">Latias, come back!<br></div><div class="battle-history">Go! <strong>Ferrothorn</strong>!<br></div><div class="battle-history"><small>Pointed stones dug into Ferrothorn!</small><br></div><div class="spacer battle-history"><br></div><div class="battle-history">The opposing Dusclops used <strong>Will-O-Wisp</strong>!<br></div><div class="battle-history"><small>Ferrothorn was burned!</small><br></div><div class="spacer battle-history"><br></div><div class="battle-history"><small>(The sunlight is strong.)</small><br></div><div class="battle-history"><small>Ferrothorn restored a little HP using its Leftovers!</small><br></div><div class="battle-history"><small>Ferrothorn was hurt by its burn!</small><br></div><div class="spacer battle-history"><br></div><h2 class="battle-history">Turn 19</h2><div class="spacer battle-history"><br></div><div class="battle-history">The opposing Dusclops used <strong>Earthquake</strong>!<br></div><div class="battle-history"><small>(Ferrothorn lost <abbr title="−68/352">19.3%</abbr> of its health!)</small><br></div><div class="spacer battle-history"><br></div><div class="battle-history">Ferrothorn used <strong>Leech Seed</strong>!<br></div><div class="battle-history"><small>The opposing Dusclops was seeded!</small><br></div><div class="spacer battle-history"><br></div><div class="battle-history"><small>(The sunlight is strong.)</small><br></div><div class="battle-history"><small>Ferrothorn restored a little HP using its Leftovers!</small><br></div><div class="battle-history"><small>The opposing Dusclops's health is sapped by Leech Seed!</small><br></div><div class="battle-history"><small>Ferrothorn was hurt by its burn!</small><br></div><div class="spacer battle-history"><br></div><h2 class="battle-history">Turn 20</h2><div class="spacer battle-history"><br></div><div class="battle-history">Ferrothorn, come back!<br></div><div class="battle-history">Go! <strong>Latias-Mega</strong>!<br></div><div class="battle-history"><small>Pointed stones dug into Latias-Mega!</small><br></div><div class="spacer battle-history"><br></div><div class="battle-history">The opposing Dusclops used <strong>Shadow Punch</strong>!<br></div><div class="battle-history"><small>It's super effective!</small><br></div><div class="battle-history"><small>(Latias-Mega lost <abbr title="−126/364">34.6%</abbr> of its health!)</small><br></div><div class="spacer battle-history"><br></div><div class="battle-history"><small>The harsh sunlight faded.</small><br></div><div class="battle-history"><small>The opposing Dusclops's health is sapped by Leech Seed!</small><br></div><div class="spacer battle-history"><br></div><h2 class="battle-history">Turn 21</h2><div class="spacer battle-history"><br></div><div class="battle-history">Latias-Mega used <strong>Roost</strong>!<br></div><div class="battle-history"><small>Latias-Mega had its HP restored.</small><br></div><div class="spacer battle-history"><br></div><div class="battle-history">The opposing Dusclops used <strong>Shadow Punch</strong>!<br></div><div class="battle-history"><small>It's super effective!</small><br></div><div class="battle-history"><small>(Latias-Mega lost <abbr title="−128/364">35.2%</abbr> of its health!)</small><br></div><div class="spacer battle-history"><br></div><div class="battle-history"><small>The opposing Dusclops's health is sapped by Leech Seed!</small><br></div><div class="spacer battle-history"><br></div><h2 class="battle-history">Turn 22</h2><div class="spacer battle-history"><br></div><div class="battle-history">Latias-Mega used <strong>Draco Meteor</strong>!<br></div><div class="battle-history"><small>(The opposing Dusclops lost 49% of its health!)</small><br></div><div class="battle-history"><small>Latias-Mega's Sp. Atk fell harshly!</small><br></div><div class="spacer battle-history"><br></div><div class="battle-history">The opposing Dusclops used <strong>Shadow Punch</strong>!<br></div><div class="battle-history"><small>It's super effective!</small><br></div><div class="battle-history"><small>(Latias-Mega lost <abbr title="−140/364">38.5%</abbr> of its health!)</small><br></div><div class="spacer battle-history"><br></div><div class="battle-history"><small>The opposing Dusclops's health is sapped by Leech Seed!</small><br></div><div class="spacer battle-history"><br></div><div class="battle-history">The opposing Dusclops fainted!<br></div><div class="spacer battle-history"><br></div><div class="battle-history"><strong>opbidoof6969</strong> won the battle!<br></div><div class="chat">Ladder updating...</div></div><div class="inner-preempt message-log"></div></div></div>
</div>
<script>
let daily = Math.floor(Date.now()/1000/60/60/24);document.write('<script src="https://play.pokemonshowdown.com/js/replay-embed.js?version'+daily+'"></'+'script>');
</script>
