<!DOCTYPE html>
<meta charset="utf-8" />
<!-- version 1 -->
<title>[Gen 7] OU replay: opbidoof6969 vs. dddhufhdjo</title>
<style>
html,body {font-family:Verdana, sans-serif;font-size:10pt;margin:0;padding:0;}body{padding:12px 0;} .battle-log {font-family:Verdana, sans-serif;font-size:10pt;} .battle-log-inline {border:1px solid #AAAAAA;background:#EEF2F5;color:black;max-width:640px;margin:0 auto 80px;padding-bottom:5px;} .battle-log .inner {padding:4px 8px 0px 8px;} .battle-log .inner-preempt {padding:0 8px 4px 8px;} .battle-log .inner-after {margin-top:0.5em;} .battle-log h2 {margin:0.5em -8px;padding:4px 8px;border:1px solid #AAAAAA;background:#E0E7EA;border-left:0;border-right:0;font-family:Verdana, sans-serif;font-size:13pt;} .battle-log .chat {vertical-align:middle;padding:3px 0 3px 0;font-size:8pt;} .battle-log .chat strong {color:#40576A;} .battle-log .chat em {padding:1px 4px 1px 3px;color:#000000;font-style:normal;} .chat.mine {background:rgba(0,0,0,0.05);margin-left:-8px;margin-right:-8px;padding-left:8px;padding-right:8px;} .spoiler {color:#BBBBBB;background:#BBBBBB;padding:0px 3px;} .spoiler:hover, .spoiler:active, .spoiler-shown {color:#000000;background:#E2E2E2;padding:0px 3px;} .spoiler a {color:#BBBBBB;} .spoiler:hover a, .spoiler:active a, .spoiler-shown a {color:#2288CC;} .chat code, .chat .spoiler:hover code, .chat .spoiler:active code, .chat .spoiler-shown code {border:1px solid #C0C0C0;background:#EEEEEE;color:black;padding:0 2px;} .chat .spoiler code {border:1px solid #CCCCCC;background:#CCCCCC;color:#CCCCCC;} .battle-log .rated {padding:3px 4px;} .battle-log .rated strong {color:white;background:#89A;padding:1px 4px;border-radius:4px;} .spacer {margin-top:0.5em;} .message-announce {background:#6688AA;color:white;padding:1px 4px 2px;} .message-announce a, .broadcast-green a, .broadcast-blue a, .broadcast-red a {color:#DDEEFF;} .broadcast-green {background-color:#559955;color:white;padding:2px 4px;} .broadcast-blue {background-color:#6688AA;color:white;padding:2px 4px;} .infobox {border:1px solid #6688AA;padding:2px 4px;} .infobox-limited {max-height:200px;overflow:auto;overflow-x:hidden;} .broadcast-red {background-color:#AA5544;color:white;padding:2px 4px;} .message-learn-canlearn {font-weight:bold;color:#228822;text-decoration:underline;} .message-learn-cannotlearn {font-weight:bold;color:#CC2222;text-decoration:underline;} .message-effect-weak {font-weight:bold;color:#CC2222;} .message-effect-resist {font-weight:bold;color:#6688AA;} .message-effect-immune {font-weight:bold;color:#666666;} .message-learn-list {margin-top:0;margin-bottom:0;} .message-throttle-notice, .message-error {color:#992222;} .message-overflow, .chat small.message-overflow {font-size:0pt;} .message-overflow::before {font-size:9pt;content:'...';} .subtle {color:#3A4A66;}
</style>
<div class="wrapper replay-wrapper" style="max-width:1180px;margin:0 auto">
<input type="hidden" name="replayid" value="gen7ou-1096000365" />
<div class="battle"></div><div class="battle-log"></div><div class="replay-controls"></div><div class="replay-controls-2"></div>
<h1 style="font-weight:normal;text-align:center"><strong>[Gen 7] OU</strong><br /><a href="http://pokemonshowdown.com/users/opbidoof6969" class="subtle" target="_blank">opbidoof6969</a> vs. <a href="http://pokemonshowdown.com/users/dddhufhdjo" class="subtle" target="_blank">dddhufhdjo</a></h1>
<script type="text/plain" class="battle-log-data">|j|☆opbidoof6969


|j|☆dddhufhdjo


|player|p1|opbidoof6969|169|1174


|player|p2|dddhufhdjo|morty-gen2|1056
|teamsize|p1|6
|teamsize|p2|6
|gametype|singles
|gen|7
|tier|[Gen 7] OU
|rated|
|clearpoke
|poke|p1|Marowak-Alola, M|item
|poke|p1|Kartana|item
|poke|p1|Alakazam, F|item
|poke|p1|Keldeo-Resolute|item
|poke|p1|Excadrill, M|item
|poke|p1|Clefable, F|item
|poke|p2|Kartana|item
|poke|p2|Landorus-Therian, M|item
|poke|p2|Tapu Lele|item
|poke|p2|Gallade, M|item
|poke|p2|Chansey, F|item
|poke|p2|Rotom-Wash|item
|rule|Sleep Clause Mod: Limit one foe put to sleep
|rule|Species Clause: Limit one of each Pokémon
|rule|OHKO Clause: OHKO moves are banned
|rule|Moody Clause: Moody is banned
|rule|Evasion Moves Clause: Evasion moves are banned
|rule|Endless Battle Clause: Forcing endless battles is banned
|rule|HP Percentage Mod: HP is shown in percentages
|teampreview


|inactive|Battle timer is ON: inactive players will automatically lose when time's up. (requested by opbidoof6969)

|inactive|Time left: 150 sec this turn | 150 sec total | 60 sec grace

|
|start
|switch|p1a: Keldeo|Keldeo-Resolute|363\/363
|switch|p2a: Landorus|Landorus-Therian, M|100\/100
|-ability|p2a: Landorus|Intimidate|boost
|-unboost|p1a: Keldeo|atk|1
|turn|1

|inactive|Time left: 150 sec this turn | 150 sec total

|
|switch|p2a: Rotom|Rotom-Wash|100\/100
|move|p1a: Keldeo|Icy Wind|p2a: Rotom
|-resisted|p2a: Rotom
|-damage|p2a: Rotom|89\/100
|-unboost|p2a: Rotom|spe|1
|
|upkeep
|turn|2

|inactive|Time left: 150 sec this turn | 150 sec total

|
|switch|p1a: Clefable|Clefable, F|394\/394
|move|p2a: Rotom|Volt Switch|p1a: Clefable
|-damage|p1a: Clefable|316\/394

|inactive|Time left: 150 sec this turn | 150 sec total

|
|switch|p2a: Chansey|Chansey, F|100\/100|[from]move: Volt Switch
|
|upkeep
|turn|3

|inactive|Time left: 150 sec this turn | 150 sec total

|
|move|p1a: Clefable|Thunder Wave|p2a: Chansey
|-status|p2a: Chansey|par
|move|p2a: Chansey|Toxic|p1a: Clefable
|-status|p1a: Clefable|tox
|
|upkeep
|turn|4

|inactive|Time left: 150 sec this turn | 150 sec total

|
|switch|p1a: Marowak|Marowak-Alola, M|262\/262
|cant|p2a: Chansey|par
|
|upkeep
|turn|5

|inactive|Time left: 150 sec this turn | 150 sec total

|
|move|p1a: Marowak|Fire Punch|p2a: Chansey
|-damage|p2a: Chansey|63\/100 par
|move|p2a: Chansey|Stealth Rock|p1a: Marowak
|-sidestart|p1: opbidoof6969|move: Stealth Rock
|
|upkeep
|turn|6

|inactive|Time left: 150 sec this turn | 150 sec total

|
|move|p1a: Marowak|Shadow Bone|p2a: Chansey
|-immune|p2a: Chansey
|move|p2a: Chansey|Soft-Boiled|p2a: Chansey
|-heal|p2a: Chansey|100\/100 par
|
|upkeep
|turn|7

|inactive|Time left: 150 sec this turn | 150 sec total

|
|move|p1a: Marowak|Bonemerang|p2a: Chansey
|-damage|p2a: Chansey|84\/100 par
|-damage|p2a: Chansey|66\/100 par
|-hitcount|p2a: Chansey|2
|move|p2a: Chansey|Toxic|p1a: Marowak
|-status|p1a: Marowak|tox
|
|-damage|p1a: Marowak|246\/262 tox|[from] psn
|upkeep
|turn|8

|inactive|Time left: 150 sec this turn | 150 sec total

|
|switch|p1a: Excadrill|Excadrill, M|423\/423
|-damage|p1a: Excadrill|410\/423|[from] Stealth Rock
|-ability|p1a: Excadrill|Mold Breaker
|switch|p2a: Gallade|Gallade, M|100\/100
|
|upkeep
|turn|9

|inactive|Time left: 150 sec this turn | 150 sec total

|
|switch|p1a: Clefable|Clefable, F|316\/394 tox
|detailschange|p2a: Gallade|Gallade-Mega, M
|-mega|p2a: Gallade|Gallade|Galladite
|move|p2a: Gallade|Swords Dance|p2a: Gallade
|-boost|p2a: Gallade|atk|2
|
|upkeep
|turn|10

|inactive|Time left: 150 sec this turn | 150 sec total

|
|move|p2a: Gallade|Knock Off|p1a: Clefable
|-resisted|p1a: Clefable
|-damage|p1a: Clefable|193\/394 tox
|-zpower|p1a: Clefable
|move|p1a: Clefable|Twinkle Tackle|p2a: Gallade|[zeffect]
|-supereffective|p2a: Gallade
|-damage|p2a: Gallade|0 fnt
|faint|p2a: Gallade
|
|upkeep

|inactive|Time left: 150 sec this turn | 150 sec total

|
|switch|p2a: Kartana|Kartana|100\/100
|turn|11

|inactive|Time left: 150 sec this turn | 150 sec total

|
|switch|p1a: Marowak|Marowak-Alola, M|246\/262 tox
|-damage|p1a: Marowak|181\/262 tox|[from] Stealth Rock
|move|p2a: Kartana|Leaf Blade|p1a: Marowak
|-resisted|p1a: Marowak
|-crit|p1a: Marowak
|-damage|p1a: Marowak|26\/262 tox
|
|-damage|p1a: Marowak|10\/262 tox|[from] psn
|upkeep
|turn|12

|inactive|Time left: 150 sec this turn | 150 sec total

|
|switch|p2a: Chansey|Chansey, F|66\/100
|move|p1a: Marowak|Fire Punch|p2a: Chansey
|-damage|p2a: Chansey|31\/100
|
|-damage|p1a: Marowak|0 fnt|[from] psn
|faint|p1a: Marowak
|upkeep

|inactive|Time left: 145 sec this turn | 145 sec total

|
|switch|p1a: Excadrill|Excadrill, M|410\/423
|-damage|p1a: Excadrill|397\/423|[from] Stealth Rock
|-ability|p1a: Excadrill|Mold Breaker
|turn|13

|inactive|Time left: 150 sec this turn | 150 sec total

|
|move|p1a: Excadrill|Rapid Spin|p2a: Chansey
|-damage|p2a: Chansey|26\/100
|-sideend|p1: opbidoof6969|Stealth Rock|[from] move: Rapid Spin|[of] p1a: Excadrill
|move|p2a: Chansey|Soft-Boiled|p2a: Chansey
|-heal|p2a: Chansey|76\/100
|
|upkeep
|turn|14

|inactive|Time left: 150 sec this turn | 150 sec total

|
|move|p1a: Excadrill|Iron Head|p2a: Chansey
|-damage|p2a: Chansey|45\/100
|move|p2a: Chansey|Soft-Boiled|p2a: Chansey
|-heal|p2a: Chansey|95\/100
|
|upkeep
|turn|15

|inactive|Time left: 150 sec this turn | 150 sec total

|
|move|p1a: Excadrill|Earthquake|p2a: Chansey
|-damage|p2a: Chansey|55\/100
|move|p2a: Chansey|Seismic Toss|p1a: Excadrill
|-damage|p1a: Excadrill|297\/423
|
|upkeep
|turn|16

|inactive|Time left: 150 sec this turn | 150 sec total
|error|[Invalid choice] There's nothing to cancel

|
|switch|p1a: Clefable|Clefable, F|193\/394 tox
|move|p2a: Chansey|Seismic Toss|p1a: Clefable
|-damage|p1a: Clefable|93\/394 tox
|
|upkeep
|turn|17

|inactive|Time left: 150 sec this turn | 150 sec total

|
|move|p1a: Clefable|Soft-Boiled|p1a: Clefable
|-heal|p1a: Clefable|290\/394 tox
|move|p2a: Chansey|Seismic Toss|p1a: Clefable
|-damage|p1a: Clefable|190\/394 tox
|
|upkeep
|turn|18

|inactive|Time left: 150 sec this turn | 150 sec total

|
|move|p1a: Clefable|Soft-Boiled|p1a: Clefable
|-heal|p1a: Clefable|387\/394 tox
|move|p2a: Chansey|Seismic Toss|p1a: Clefable
|-damage|p1a: Clefable|287\/394 tox
|
|upkeep
|turn|19

|inactive|Time left: 150 sec this turn | 150 sec total

|
|switch|p1a: Kartana|Kartana|260\/260
|move|p2a: Chansey|Seismic Toss|p1a: Kartana
|-damage|p1a: Kartana|160\/260
|
|upkeep
|turn|20

|inactive|Time left: 150 sec this turn | 150 sec total

|
|switch|p2a: Tapu Lele|Tapu Lele|100\/100
|-fieldstart|move: Psychic Terrain|[from] ability: Psychic Surge|[of] p2a: Tapu Lele
|move|p1a: Kartana|Leaf Blade|p2a: Tapu Lele
|-damage|p2a: Tapu Lele|0 fnt
|faint|p2a: Tapu Lele
|-ability|p1a: Kartana|Beast Boost|boost
|-boost|p1a: Kartana|atk|1
|
|upkeep

|inactive|Time left: 150 sec this turn | 150 sec total

|
|switch|p2a: Kartana|Kartana|100\/100
|turn|21

|inactive|Time left: 150 sec this turn | 150 sec total

|
|move|p1a: Kartana|Leaf Blade|p2a: Kartana
|-resisted|p2a: Kartana
|-crit|p2a: Kartana
|-damage|p2a: Kartana|62\/100
|move|p2a: Kartana|Sacred Sword|p1a: Kartana
|-supereffective|p1a: Kartana
|-damage|p1a: Kartana|0 fnt
|faint|p1a: Kartana
|-ability|p2a: Kartana|Beast Boost|boost
|-boost|p2a: Kartana|atk|1
|
|upkeep

|inactive|Time left: 150 sec this turn | 150 sec total

|
|switch|p1a: Alakazam|Alakazam, F|251\/251
|turn|22

|inactive|Time left: 150 sec this turn | 150 sec total

|
|detailschange|p1a: Alakazam|Alakazam-Mega, F
|-mega|p1a: Alakazam|Alakazam|Alakazite
|-ability|p1a: Alakazam|Beast Boost|[from] ability: Trace|[of] p2a: Kartana
|move|p1a: Alakazam|Hidden Power|p2a: Kartana
|-supereffective|p2a: Kartana
|-damage|p2a: Kartana|0 fnt
|faint|p2a: Kartana
|-ability|p1a: Alakazam|Beast Boost|boost
|-boost|p1a: Alakazam|spa|1
|
|upkeep

|inactive|Time left: 150 sec this turn | 150 sec total

|
|switch|p2a: Landorus|Landorus-Therian, M|100\/100
|-ability|p2a: Landorus|Intimidate|boost
|-unboost|p1a: Alakazam|atk|1
|turn|23

|inactive|Time left: 150 sec this turn | 150 sec total

|
|move|p1a: Alakazam|Psychic|p2a: Landorus
|-damage|p2a: Landorus|0 fnt
|faint|p2a: Landorus
|-ability|p1a: Alakazam|Beast Boost|boost
|-boost|p1a: Alakazam|spa|1
|
|upkeep

|inactive|Time left: 150 sec this turn | 150 sec total

|
|switch|p2a: Rotom|Rotom-Wash|89\/100
|turn|24

|inactive|Time left: 150 sec this turn | 150 sec total

|
|move|p1a: Alakazam|Psychic|p2a: Rotom
|-damage|p2a: Rotom|0 fnt
|faint|p2a: Rotom
|-ability|p1a: Alakazam|Beast Boost|boost
|-boost|p1a: Alakazam|spa|1
|
|-fieldend|move: Psychic Terrain
|upkeep

|inactive|Time left: 150 sec this turn | 150 sec total

|-message|dddhufhdjo forfeited.


|
|win|opbidoof6969

|inactive|Time left: 150 sec this turn | 150 sec total
||Ladder updating...

|l|☆dddhufhdjo
</script>
</div>
<div class="battle-log battle-log-inline"><div class="inner"><div class="battle-options"><div style="padding-top: 3px; padding-right: 3px; text-align: right"><button class="icon button" name="openBattleOptions" title="Options">Battle Options</button></div></div><div class="inner message-log"><div class="chat"><small>☆opbidoof6969 joined.</small></div><div class="chat"><small>☆dddhufhdjo joined.</small></div><div class=""><small>Format:</small> <br><strong>[Gen 7] OU</strong></div><div class="rated"><strong>Rated battle</strong></div><div class=""><small><em>Sleep Clause Mod:</em> Limit one foe put to sleep</small></div><div class=""><small><em>Species Clause:</em> Limit one of each Pokémon</small></div><div class=""><small><em>OHKO Clause:</em> OHKO moves are banned</small></div><div class=""><small><em>Moody Clause:</em> Moody is banned</small></div><div class=""><small><em>Evasion Moves Clause:</em> Evasion moves are banned</small></div><div class=""><small><em>Endless Battle Clause:</em> Forcing endless battles is banned</small></div><div class=""><small><em>HP Percentage Mod:</em> HP is shown in percentages</small></div><div class="chat battle-history"><strong>opbidoof6969's team:</strong> <em style="color:#445566;display:block;">Marowak-Alola / Kartana / Alakazam / Keldeo-Resolute / Excadrill / Clefable</em></div><div class="chat battle-history"><strong>dddhufhdjo's team:</strong> <em style="color:#445566;display:block;">Kartana / Landorus-Therian / Tapu Lele / Gallade / Chansey / Rotom-Wash</em></div><div class="chat message-error">Battle timer is ON: inactive players will automatically lose when time's up. (requested by opbidoof6969)</div><div class="spacer battle-history"><br></div><div class="battle-history">Battle started between opbidoof6969 and dddhufhdjo!<br></div><div class="spacer battle-history"><br></div><div class="battle-history">Go! Keldeo (<strong>Keldeo-Resolute</strong>)!<br></div><div class="spacer battle-history"><br></div><div class="battle-history">dddhufhdjo sent out Landorus (<strong>Landorus-Therian</strong>)!<br></div><div class="battle-history">[The opposing Landorus's Intimidate]<br></div><div class="battle-history"><small>Keldeo's Attack fell!</small><br></div><div class="spacer battle-history"><br></div><h2 class="battle-history">Turn 1</h2><div class="spacer battle-history"><br></div><div class="battle-history">dddhufhdjo withdrew Landorus!<br></div><div class="battle-history">dddhufhdjo sent out Rotom (<strong>Rotom-Wash</strong>)!<br></div><div class="spacer battle-history"><br></div><div class="battle-history">Keldeo used <strong>Icy Wind</strong>!<br></div><div class="battle-history"><small>It's not very effective...</small><br></div><div class="battle-history"><small>(The opposing Rotom lost 11% of its health!)</small><br></div><div class="battle-history"><small>The opposing Rotom's Speed fell!</small><br></div><div class="spacer battle-history"><br></div><h2 class="battle-history">Turn 2</h2><div class="spacer battle-history"><br></div><div class="battle-history">Keldeo, come back!<br></div><div class="battle-history">Go! <strong>Clefable</strong>!<br></div><div class="spacer battle-history"><br></div><div class="battle-history">The opposing Rotom used <strong>Volt Switch</strong>!<br></div><div class="battle-history"><small>(Clefable lost <abbr title="−78/394">19.8%</abbr> of its health!)</small><br></div><div class="spacer battle-history"><br></div><div class="battle-history">The opposing Rotom went back to dddhufhdjo!<br></div><div class="battle-history">dddhufhdjo sent out <strong>Chansey</strong>!<br></div><div class="spacer battle-history"><br></div><h2 class="battle-history">Turn 3</h2><div class="spacer battle-history"><br></div><div class="battle-history">Clefable used <strong>Thunder Wave</strong>!<br></div><div class="battle-history"><small>The opposing Chansey is paralyzed! It may be unable to move!</small><br></div><div class="spacer battle-history"><br></div><div class="battle-history">The opposing Chansey used <strong>Toxic</strong>!<br></div><div class="battle-history"><small>Clefable was badly poisoned!</small><br></div><div class="spacer battle-history"><br></div><h2 class="battle-history">Turn 4</h2><div class="spacer battle-history"><br></div><div class="battle-history">Clefable, come back!<br></div><div class="battle-history">Go! Marowak (<strong>Marowak-Alola</strong>)!<br></div><div class="spacer battle-history"><br></div><div class="battle-history">The opposing Chansey is paralyzed! It can't move!<br></div><div class="spacer battle-history"><br></div><h2 class="battle-history">Turn 5</h2><div class="spacer battle-history"><br></div><div class="battle-history">Marowak used <strong>Fire Punch</strong>!<br></div><div class="battle-history"><small>(The opposing Chansey lost 37% of its health!)</small><br></div><div class="spacer battle-history"><br></div><div class="battle-history">The opposing Chansey used <strong>Stealth Rock</strong>!<br></div><div class="battle-history"><small>Pointed stones float in the air around your team!</small><br></div><div class="spacer battle-history"><br></div><h2 class="battle-history">Turn 6</h2><div class="spacer battle-history"><br></div><div class="battle-history">Marowak used <strong>Shadow Bone</strong>!<br></div><div class="battle-history"><small>It doesn't affect the opposing Chansey...</small><br></div><div class="spacer battle-history"><br></div><div class="battle-history">The opposing Chansey used <strong>Soft-Boiled</strong>!<br></div><div class="battle-history"><small>The opposing Chansey had its HP restored.</small><br></div><div class="spacer battle-history"><br></div><h2 class="battle-history">Turn 7</h2><div class="spacer battle-history"><br></div><div class="battle-history">Marowak used <strong>Bonemerang</strong>!<br></div><div class="battle-history"><small>(The opposing Chansey lost 16% of its health!)</small><br></div><div class="battle-history"><small>(The opposing Chansey lost 18% of its health!)</small><br></div><div class="battle-history"><small>The Pokémon was hit 2 times!</small><br></div><div class="spacer battle-history"><br></div><div class="battle-history">The opposing Chansey used <strong>Toxic</strong>!<br></div><div class="battle-history"><small>Marowak was badly poisoned!</small><br></div><div class="spacer battle-history"><br></div><div class="battle-history"><small>Marowak was hurt by poison!</small><br></div><div class="spacer battle-history"><br></div><h2 class="battle-history">Turn 8</h2><div class="spacer battle-history"><br></div><div class="battle-history">Marowak, come back!<br></div><div class="battle-history">Go! <strong>Excadrill</strong>!<br></div><div class="battle-history"><small>Pointed stones dug into Excadrill!</small><br></div><div class="battle-history">[Excadrill's Mold Breaker]<br><small>Excadrill breaks the mold!</small><br></div><div class="spacer battle-history"><br></div><div class="battle-history">dddhufhdjo withdrew Chansey!<br></div><div class="battle-history">dddhufhdjo sent out <strong>Gallade</strong>!<br></div><div class="spacer battle-history"><br></div><h2 class="battle-history">Turn 9</h2><div class="spacer battle-history"><br></div><div class="battle-history">Excadrill, come back!<br></div><div class="battle-history">Go! <strong>Clefable</strong>!<br></div><div class="spacer battle-history"><br></div><div class="battle-history"><small>The opposing Gallade's Galladite is reacting to the Key Stone!</small><br>The opposing Gallade has Mega Evolved into Mega Gallade!<br></div><div class="spacer battle-history"><br></div><div class="battle-history">The opposing Gallade used <strong>Swords Dance</strong>!<br></div><div class="battle-history"><small>The opposing Gallade's Attack rose sharply!</small><br></div><div class="spacer battle-history"><br></div><h2 class="battle-history">Turn 10</h2><div class="spacer battle-history"><br></div><div class="battle-history">The opposing Gallade used <strong>Knock Off</strong>!<br></div><div class="battle-history"><small>It's not very effective...</small><br></div><div class="battle-history"><small>(Clefable lost <abbr title="−123/394">31.2%</abbr> of its health!)</small><br></div><div class="battle-history"><small>Clefable surrounded itself with its Z-Power!</small><br></div><div class="spacer battle-history"><br></div><div class="battle-history">Clefable used <strong>Twinkle Tackle</strong>!<br></div><div class="battle-history"><small>It's super effective!</small><br></div><div class="battle-history"><small>(The opposing Gallade lost 100% of its health!)</small><br></div><div class="spacer battle-history"><br></div><div class="battle-history">The opposing Gallade fainted!<br></div><div class="spacer battle-history"><br></div><div class="battle-history">dddhufhdjo sent out <strong>Kartana</strong>!<br></div><div class="spacer battle-history"><br></div><h2 class="battle-history">Turn 11</h2><div class="spacer battle-history"><br></div><div class="battle-history">Clefable, come back!<br></div><div class="battle-history">Go! Marowak (<strong>Marowak-Alola</strong>)!<br></div><div class="battle-history"><small>Pointed stones dug into Marowak!</small><br></div><div class="spacer battle-history"><br></div><div class="battle-history">The opposing Kartana used <strong>Leaf Blade</strong>!<br></div><div class="battle-history"><small>It's not very effective...</small><br></div><div class="battle-history"><small>A critical hit!</small><br></div><div class="battle-history"><small>(Marowak lost <abbr title="−155/262">59.2%</abbr> of its health!)</small><br></div><div class="spacer battle-history"><br></div><div class="battle-history"><small>Marowak was hurt by poison!</small><br></div><div class="spacer battle-history"><br></div><h2 class="battle-history">Turn 12</h2><div class="spacer battle-history"><br></div><div class="battle-history">dddhufhdjo withdrew Kartana!<br></div><div class="battle-history">dddhufhdjo sent out <strong>Chansey</strong>!<br></div><div class="spacer battle-history"><br></div><div class="battle-history">Marowak used <strong>Fire Punch</strong>!<br></div><div class="battle-history"><small>(The opposing Chansey lost 35% of its health!)</small><br></div><div class="spacer battle-history"><br></div><div class="battle-history"><small>Marowak was hurt by poison!</small><br></div><div class="spacer battle-history"><br></div><div class="battle-history">Marowak fainted!<br></div><div class="spacer battle-history"><br></div><div class="battle-history">Go! <strong>Excadrill</strong>!<br></div><div class="battle-history"><small>Pointed stones dug into Excadrill!</small><br></div><div class="battle-history">[Excadrill's Mold Breaker]<br><small>Excadrill breaks the mold!</small><br></div><div class="spacer battle-history"><br></div><h2 class="battle-history">Turn 13</h2><div class="spacer battle-history"><br></div><div class="battle-history">Excadrill used <strong>Rapid Spin</strong>!<br></div><div class="battle-history"><small>(The opposing Chansey lost 5% of its health!)</small><br></div><div class="battle-history"><small>The pointed stones disappeared from around your team!</small><br></div><div class="spacer battle-history"><br></div><div class="battle-history">The opposing Chansey used <strong>Soft-Boiled</strong>!<br></div><div class="battle-history"><small>The opposing Chansey had its HP restored.</small><br></div><div class="spacer battle-history"><br></div><h2 class="battle-history">Turn 14</h2><div class="spacer battle-history"><br></div><div class="battle-history">Excadrill used <strong>Iron Head</strong>!<br></div><div class="battle-history"><small>(The opposing Chansey lost 31% of its health!)</small><br></div><div class="spacer battle-history"><br></div><div class="battle-history">The opposing Chansey used <strong>Soft-Boiled</strong>!<br></div><div class="battle-history"><small>The opposing Chansey had its HP restored.</small><br></div><div class="spacer battle-history"><br></div><h2 class="battle-history">Turn 15</h2><div class="spacer battle-history"><br></div><div class="battle-history">Excadrill used <strong>Earthquake</strong>!<br></div><div class="battle-history"><small>(The opposing Chansey lost 40% of its health!)</small><br></div><div class="spacer battle-history"><br></div><div class="battle-history">The opposing Chansey used <strong>Seismic Toss</strong>!<br></div><div class="battle-history"><small>(Excadrill lost <abbr title="−100/423">23.6%</abbr> of its health!)</small><br></div><div class="spacer battle-history"><br></div><h2 class="battle-history">Turn 16</h2><div class="chat message-error">[Invalid choice] There's nothing to cancel</div><div class="spacer battle-history"><br></div><div class="battle-history">Excadrill, come back!<br></div><div class="battle-history">Go! <strong>Clefable</strong>!<br></div><div class="spacer battle-history"><br></div><div class="battle-history">The opposing Chansey used <strong>Seismic Toss</strong>!<br></div><div class="battle-history"><small>(Clefable lost <abbr title="−100/394">25.4%</abbr> of its health!)</small><br></div><div class="spacer battle-history"><br></div><h2 class="battle-history">Turn 17</h2><div class="spacer battle-history"><br></div><div class="battle-history">Clefable used <strong>Soft-Boiled</strong>!<br></div><div class="battle-history"><small>Clefable had its HP restored.</small><br></div><div class="spacer battle-history"><br></div><div class="battle-history">The opposing Chansey used <strong>Seismic Toss</strong>!<br></div><div class="battle-history"><small>(Clefable lost <abbr title="−100/394">25.4%</abbr> of its health!)</small><br></div><div class="spacer battle-history"><br></div><h2 class="battle-history">Turn 18</h2><div class="spacer battle-history"><br></div><div class="battle-history">Clefable used <strong>Soft-Boiled</strong>!<br></div><div class="battle-history"><small>Clefable had its HP restored.</small><br></div><div class="spacer battle-history"><br></div><div class="battle-history">The opposing Chansey used <strong>Seismic Toss</strong>!<br></div><div class="battle-history"><small>(Clefable lost <abbr title="−100/394">25.4%</abbr> of its health!)</small><br></div><div class="spacer battle-history"><br></div><h2 class="battle-history">Turn 19</h2><div class="spacer battle-history"><br></div><div class="battle-history">Clefable, come back!<br></div><div class="battle-history">Go! <strong>Kartana</strong>!<br></div><div class="spacer battle-history"><br></div><div class="battle-history">The opposing Chansey used <strong>Seismic Toss</strong>!<br></div><div class="battle-history"><small>(Kartana lost <abbr title="−100/260">38.5%</abbr> of its health!)</small><br></div><div class="spacer battle-history"><br></div><h2 class="battle-history">Turn 20</h2><div class="spacer battle-history"><br></div><div class="battle-history">dddhufhdjo withdrew Chansey!<br></div><div class="battle-history">dddhufhdjo sent out <strong>Tapu Lele</strong>!<br></div><div class="battle-history">[The opposing Tapu Lele's Psychic Surge]<br><small>The battlefield got weird!</small><br></div><div class="spacer battle-history"><br></div><div class="battle-history">Kartana used <strong>Leaf Blade</strong>!<br></div><div class="battle-history"><small>(The opposing Tapu Lele lost 100% of its health!)</small><br></div><div class="spacer battle-history"><br></div><div class="battle-history">The opposing Tapu Lele fainted!<br></div><div class="battle-history">[Kartana's Beast Boost]<br></div><div class="battle-history"><small>Kartana's Attack rose!</small><br></div><div class="spacer battle-history"><br></div><div class="battle-history">dddhufhdjo sent out <strong>Kartana</strong>!<br></div><div class="spacer battle-history"><br></div><h2 class="battle-history">Turn 21</h2><div class="spacer battle-history"><br></div><div class="battle-history">Kartana used <strong>Leaf Blade</strong>!<br></div><div class="battle-history"><small>It's not very effective...</small><br></div><div class="battle-history"><small>A critical hit!</small><br></div><div class="battle-history"><small>(The opposing Kartana lost 38% of its health!)</small><br></div><div class="spacer battle-history"><br></div><div class="battle-history">The opposing Kartana used <strong>Sacred Sword</strong>!<br></div><div class="battle-history"><small>It's super effective!</small><br></div><div class="battle-history"><small>(Kartana lost <abbr title="−160/260">61.5%</abbr> of its health!)</small><br></div><div class="spacer battle-history"><br></div><div class="battle-history">Kartana fainted!<br></div><div class="battle-history">[The opposing Kartana's Beast Boost]<br></div><div class="battle-history"><small>The opposing Kartana's Attack rose!</small><br></div><div class="spacer battle-history"><br></div><div class="battle-history">Go! <strong>Alakazam</strong>!<br></div><div class="spacer battle-history"><br></div><h2 class="battle-history">Turn 22</h2><div class="spacer battle-history"><br></div><div class="battle-history"><small>Alakazam's Alakazite is reacting to the Key Stone!</small><br>Alakazam has Mega Evolved into Mega Alakazam!<br></div><div class="battle-history">[Alakazam's Trace]<br>[Alakazam's Beast Boost]<br><small>Alakazam traced the opposing Kartana's Beast Boost!</small><br></div><div class="spacer battle-history"><br></div><div class="battle-history">Alakazam used <strong>Hidden Power</strong>!<br></div><div class="battle-history"><small>It's super effective!</small><br></div><div class="battle-history"><small>(The opposing Kartana lost 62% of its health!)</small><br></div><div class="spacer battle-history"><br></div><div class="battle-history">The opposing Kartana fainted!<br></div><div class="battle-history">[Alakazam's Beast Boost]<br></div><div class="battle-history"><small>Alakazam's Sp. Atk rose!</small><br></div><div class="spacer battle-history"><br></div><div class="battle-history">dddhufhdjo sent out Landorus (<strong>Landorus-Therian</strong>)!<br></div><div class="battle-history">[The opposing Landorus's Intimidate]<br></div><div class="battle-history"><small>Alakazam's Attack fell!</small><br></div><div class="spacer battle-history"><br></div><h2 class="battle-history">Turn 23</h2><div class="spacer battle-history"><br></div><div class="battle-history">Alakazam used <strong>Psychic</strong>!<br></div><div class="battle-history"><small>(The opposing Landorus lost 100% of its health!)</small><br></div><div class="spacer battle-history"><br></div><div class="battle-history">The opposing Landorus fainted!<br></div><div class="battle-history">[Alakazam's Beast Boost]<br></div><div class="battle-history"><small>Alakazam's Sp. Atk rose!</small><br></div><div class="spacer battle-history"><br></div><div class="battle-history">dddhufhdjo sent out Rotom (<strong>Rotom-Wash</strong>)!<br></div><div class="spacer battle-history"><br></div><h2 class="battle-history">Turn 24</h2><div class="spacer battle-history"><br></div><div class="battle-history">Alakazam used <strong>Psychic</strong>!<br></div><div class="battle-history"><small>(The opposing Rotom lost 89% of its health!)</small><br></div><div class="spacer battle-history"><br></div><div class="battle-history">The opposing Rotom fainted!<br></div><div class="battle-history">[Alakazam's Beast Boost]<br></div><div class="battle-history"><small>Alakazam's Sp. Atk rose!</small><br></div><div class="spacer battle-history"><br></div><div class="battle-history"><small>The weirdness disappeared from the battlefield!</small><br></div><div class="spacer battle-history"><br></div><div class="battle-history"><small>dddhufhdjo forfeited.</small><br></div><div class="spacer battle-history"><br></div><div class="battle-history"><strong>opbidoof6969</strong> won the battle!<br></div><div class="chat">Ladder updating...</div><div class="chat"><small>☆dddhufhdjo left.</small></div></div><div class="inner-preempt message-log"></div></div></div>
</div>
<script>
let daily = Math.floor(Date.now()/1000/60/60/24);document.write('<script src="https://play.pokemonshowdown.com/js/replay-embed.js?version'+daily+'"></'+'script>');
</script>
