<!DOCTYPE html>
<meta charset="utf-8" />
<!-- version 1 -->
<title>[Gen 7] OU replay: opbidoof6969 vs. DarkElucidator007</title>
<style>
html,body {font-family:Verdana, sans-serif;font-size:10pt;margin:0;padding:0;}body{padding:12px 0;} .battle-log {font-family:Verdana, sans-serif;font-size:10pt;} .battle-log-inline {border:1px solid #AAAAAA;background:#EEF2F5;color:black;max-width:640px;margin:0 auto 80px;padding-bottom:5px;} .battle-log .inner {padding:4px 8px 0px 8px;} .battle-log .inner-preempt {padding:0 8px 4px 8px;} .battle-log .inner-after {margin-top:0.5em;} .battle-log h2 {margin:0.5em -8px;padding:4px 8px;border:1px solid #AAAAAA;background:#E0E7EA;border-left:0;border-right:0;font-family:Verdana, sans-serif;font-size:13pt;} .battle-log .chat {vertical-align:middle;padding:3px 0 3px 0;font-size:8pt;} .battle-log .chat strong {color:#40576A;} .battle-log .chat em {padding:1px 4px 1px 3px;color:#000000;font-style:normal;} .chat.mine {background:rgba(0,0,0,0.05);margin-left:-8px;margin-right:-8px;padding-left:8px;padding-right:8px;} .spoiler {color:#BBBBBB;background:#BBBBBB;padding:0px 3px;} .spoiler:hover, .spoiler:active, .spoiler-shown {color:#000000;background:#E2E2E2;padding:0px 3px;} .spoiler a {color:#BBBBBB;} .spoiler:hover a, .spoiler:active a, .spoiler-shown a {color:#2288CC;} .chat code, .chat .spoiler:hover code, .chat .spoiler:active code, .chat .spoiler-shown code {border:1px solid #C0C0C0;background:#EEEEEE;color:black;padding:0 2px;} .chat .spoiler code {border:1px solid #CCCCCC;background:#CCCCCC;color:#CCCCCC;} .battle-log .rated {padding:3px 4px;} .battle-log .rated strong {color:white;background:#89A;padding:1px 4px;border-radius:4px;} .spacer {margin-top:0.5em;} .message-announce {background:#6688AA;color:white;padding:1px 4px 2px;} .message-announce a, .broadcast-green a, .broadcast-blue a, .broadcast-red a {color:#DDEEFF;} .broadcast-green {background-color:#559955;color:white;padding:2px 4px;} .broadcast-blue {background-color:#6688AA;color:white;padding:2px 4px;} .infobox {border:1px solid #6688AA;padding:2px 4px;} .infobox-limited {max-height:200px;overflow:auto;overflow-x:hidden;} .broadcast-red {background-color:#AA5544;color:white;padding:2px 4px;} .message-learn-canlearn {font-weight:bold;color:#228822;text-decoration:underline;} .message-learn-cannotlearn {font-weight:bold;color:#CC2222;text-decoration:underline;} .message-effect-weak {font-weight:bold;color:#CC2222;} .message-effect-resist {font-weight:bold;color:#6688AA;} .message-effect-immune {font-weight:bold;color:#666666;} .message-learn-list {margin-top:0;margin-bottom:0;} .message-throttle-notice, .message-error {color:#992222;} .message-overflow, .chat small.message-overflow {font-size:0pt;} .message-overflow::before {font-size:9pt;content:'...';} .subtle {color:#3A4A66;}
</style>
<div class="wrapper replay-wrapper" style="max-width:1180px;margin:0 auto">
<input type="hidden" name="replayid" value="gen7ou-1121902040" />
<div class="battle"></div><div class="battle-log"></div><div class="replay-controls"></div><div class="replay-controls-2"></div>
<h1 style="font-weight:normal;text-align:center"><strong>[Gen 7] OU</strong><br /><a href="http://pokemonshowdown.com/users/opbidoof6969" class="subtle" target="_blank">opbidoof6969</a> vs. <a href="http://pokemonshowdown.com/users/darkelucidator007" class="subtle" target="_blank">DarkElucidator007</a></h1>
<script type="text/plain" class="battle-log-data">|j|☆opbidoof6969
|j|☆DarkElucidator007
|player|p1|opbidoof6969|2|
|player|p2|DarkElucidator007|169|
|teamsize|p1|6
|teamsize|p2|6
|gametype|singles
|gen|7
|tier|[Gen 7] OU
|clearpoke
|poke|p1|Marowak-Alola, F|item
|poke|p1|Kartana|item
|poke|p1|Alakazam, M|item
|poke|p1|Keldeo-Resolute|item
|poke|p1|Excadrill, M|item
|poke|p1|Clefable, M|item
|poke|p2|Dragonite, F|item
|poke|p2|Porygon2|item
|poke|p2|Togekiss, M|item
|poke|p2|Greninja, M|item
|poke|p2|Breloom, M|item
|poke|p2|Volcarona, F|item
|rule|Sleep Clause Mod: Limit one foe put to sleep
|rule|Species Clause: Limit one of each Pokémon
|rule|OHKO Clause: OHKO moves are banned
|rule|Moody Clause: Moody is banned
|rule|Evasion Moves Clause: Evasion moves are banned
|rule|Endless Battle Clause: Forcing endless battles is banned
|rule|HP Percentage Mod: HP is shown in percentages
|teampreview
|inactive|Battle timer is ON: inactive players will automatically lose when time's up. (requested by opbidoof6969)
|
|start
|switch|p1a: Excadrill|Excadrill, M|100\/100
|switch|p2a: Volcarona|Volcarona, F|100\/100
|-ability|p1a: Excadrill|Mold Breaker
|turn|1
|c|☆DarkElucidator007|imagine using soft boiled
|c|☆opbidoof6969|lol predictable
|
|move|p2a: Volcarona|Fiery Dance|p1a: Excadrill
|-supereffective|p1a: Excadrill
|-damage|p1a: Excadrill|28\/100
|-boost|p2a: Volcarona|spa|1
|move|p1a: Excadrill|Rock Slide|p2a: Volcarona
|-supereffective|p2a: Volcarona
|-damage|p2a: Volcarona|0 fnt
|faint|p2a: Volcarona
|
|upkeep
|
|switch|p2a: Breloom|Breloom, M|100\/100
|turn|2
|c|☆opbidoof6969|hate all u want okay
|c|☆opbidoof6969|this is pokemon
|c|☆opbidoof6969|this is where we have fun
|
|switch|p1a: Clefable|Clefable, M|100\/100
|move|p2a: Breloom|Seed Bomb|p1a: Clefable
|-damage|p1a: Clefable|51\/100
|
|-status|p2a: Breloom|tox|[from] item: Toxic Orb
|upkeep
|turn|3
|c|☆DarkElucidator007|and troll
|c|☆DarkElucidator007|big noob
|
|move|p2a: Breloom|Stone Edge|p1a: Clefable|[miss]
|-miss|p2a: Breloom|p1a: Clefable
|-zpower|p1a: Clefable
|move|p1a: Clefable|Twinkle Tackle|p2a: Breloom|[zeffect]
|-supereffective|p2a: Breloom
|-damage|p2a: Breloom|0 fnt
|faint|p2a: Breloom
|
|upkeep
|c|☆opbidoof6969|okay?? I dont understand the point of u trash talking tho
|
|switch|p2a: Greninja|Greninja, M|100\/100
|turn|4
|c|☆DarkElucidator007|big fax
|
|switch|p1a: Keldeo|Keldeo-Resolute|100\/100
|move|p2a: Greninja|Surf|p1a: Keldeo
|-start|p2a: Greninja|typechange|Water|[from] ability: Protean
|-resisted|p1a: Keldeo
|-damage|p1a: Keldeo|86\/100
|
|upkeep
|turn|5
|c|☆DarkElucidator007|predictable
|
|move|p2a: Greninja|Ice Beam|p1a: Keldeo
|-start|p2a: Greninja|typechange|Ice|[from] ability: Protean
|-resisted|p1a: Keldeo
|-damage|p1a: Keldeo|72\/100
|move|p1a: Keldeo|Icy Wind|p2a: Greninja
|-resisted|p2a: Greninja
|-damage|p2a: Greninja|86\/100
|-unboost|p2a: Greninja|spe|1
|
|upkeep
|turn|6
|c|☆opbidoof6969|okay lol
|
|move|p1a: Keldeo|Secret Sword|p2a: Greninja
|-supereffective|p2a: Greninja
|-damage|p2a: Greninja|0 fnt
|faint|p2a: Greninja
|
|upkeep
|c|☆opbidoof6969|i outspeed now
|c|☆opbidoof6969|lmao
|
|switch|p2a: Dragonite|Dragonite, F|100\/100
|turn|7
|c|☆opbidoof6969|LOL why
|c|☆opbidoof6969|t-punch?
|
|move|p1a: Keldeo|Icy Wind|p2a: Dragonite
|-supereffective|p2a: Dragonite
|-damage|p2a: Dragonite|58\/100
|-unboost|p2a: Dragonite|spe|1
|move|p2a: Dragonite|Dragon Dance|p2a: Dragonite
|-boost|p2a: Dragonite|atk|1
|-boost|p2a: Dragonite|spe|1
|
|-heal|p2a: Dragonite|64\/100|[from] item: Leftovers
|upkeep
|turn|8
|c|☆opbidoof6969|bad play
|c|☆opbidoof6969|youre dead
|c|☆opbidoof6969|no multiscale
|c|☆opbidoof6969|you should be dead
|c|☆opbidoof6969|i outspeed
|
|move|p1a: Keldeo|Icy Wind|p2a: Dragonite
|-supereffective|p2a: Dragonite
|-damage|p2a: Dragonite|0 fnt
|faint|p2a: Dragonite
|
|upkeep
|c|☆DarkElucidator007|no multiscale? tf u mean
|inactive|DarkElucidator007 has 270 seconds left.
|
|switch|p2a: Togekiss|Togekiss, M|100\/100
|turn|9
|c|☆opbidoof6969|multiscale only works when you're at full health lmao
|
|switch|p1a: Clefable|Clefable, M|51\/100
|move|p2a: Togekiss|Aura Sphere|p1a: Clefable
|-resisted|p1a: Clefable
|-damage|p1a: Clefable|42\/100
|
|upkeep
|turn|10
|
|move|p2a: Togekiss|Air Slash|p1a: Clefable
|-damage|p1a: Clefable|18\/100
|cant|p1a: Clefable|flinch
|
|upkeep
|turn|11
|
|switch|p1a: Marowak|Marowak-Alola, F|100\/100
|move|p2a: Togekiss|Air Slash|p1a: Marowak
|-damage|p1a: Marowak|43\/100
|
|upkeep
|turn|12
|
|move|p2a: Togekiss|Air Slash|p1a: Marowak
|-damage|p1a: Marowak|0 fnt
|faint|p1a: Marowak
|
|upkeep
|
|switch|p1a: Kartana|Kartana|100\/100
|turn|13
|
|move|p1a: Kartana|Smart Strike|p2a: Togekiss
|-supereffective|p2a: Togekiss
|-damage|p2a: Togekiss|0 fnt
|faint|p2a: Togekiss
|-ability|p1a: Kartana|Beast Boost|boost
|-boost|p1a: Kartana|atk|1
|
|upkeep
|
|switch|p2a: Porygon2|Porygon2|100\/100
|turn|14
|c|☆opbidoof6969|u have anything to say for yourself?
|
|move|p1a: Kartana|Smart Strike|p2a: Porygon2
|-damage|p2a: Porygon2|50\/100
|move|p2a: Porygon2|Thunderbolt|p1a: Kartana
|-resisted|p1a: Kartana
|-damage|p1a: Kartana|36\/100
|
|upkeep
|turn|15
|c|☆opbidoof6969|misplay
|c|☆DarkElucidator007|I bet u spend ur whole day on here
|c|☆opbidoof6969|should've used tri attack
|c|☆opbidoof6969|stab
|c|☆opbidoof6969|lol thats all u got?
|inactive|opbidoof6969 has 270 seconds left.
|c|☆opbidoof6969|theres something called EXPERIENCE by playing a long time
|c|☆opbidoof6969|have you heard of that word?
|inactive|opbidoof6969 has 240 seconds left.
|c|☆opbidoof6969|talk lol
|c|☆opbidoof6969|come on
|c|☆opbidoof6969|dont be shy
|c|☆DarkElucidator007|im not paying attention fool
|c|☆DarkElucidator007|and what "EXPERIENCE"?
|inactive|opbidoof6969 has 210 seconds left.
|c|☆opbidoof6969|well i win next move
|c|☆opbidoof6969|3 years of playying?
|c|☆DarkElucidator007|this aint no chatroom hurry tf up
|c|☆opbidoof6969|okay
|c|☆DarkElucidator007|of playing pokemon showdown?
|c|☆opbidoof6969|you're the person who started this lmao
|c|☆opbidoof6969|competetive
|inactive|opbidoof6969 has 180 seconds left.
|c|☆opbidoof6969|competitive
|c|☆DarkElucidator007|competitive pokemon showdown?
|c|☆opbidoof6969|you're the person who started this trash talking
|c|☆opbidoof6969|smogon and competitive yeah
|c|☆DarkElucidator007|tuff
|c|☆opbidoof6969|so you shouldn't be speaking
|inactive|opbidoof6969 has 150 seconds left.
|c|☆DarkElucidator007|i haven't played pokemon\/pixelmon in 3 years noob
|c|☆opbidoof6969|now, stop with the trash talking
|c|☆DarkElucidator007|no u
|c|☆opbidoof6969|and?? how does that make me the noob
|c|☆DarkElucidator007|pick a move
|c|☆opbidoof6969|no u LMAO thats weak lmao
|c|☆opbidoof6969|no come on talk
|c|☆opbidoof6969|lets talk a bit more
|inactive|opbidoof6969 has 120 seconds left.
|c|☆DarkElucidator007|why
|c|☆opbidoof6969|you're digging a hole deeper for yourself
|c|☆DarkElucidator007|bet
|c|☆DarkElucidator007|fuck this world
|c|☆opbidoof6969|yeah bet lmao
|c|☆opbidoof6969|okay
|c|☆opbidoof6969|☆DarkElucidator007: i haven't played pokemon\/pixelmon in 3 years noob
|c|☆DarkElucidator007|and?
|c|☆DarkElucidator007|tf
|inactive|opbidoof6969 has 90 seconds left.
|c|☆opbidoof6969|how does that prove a point?
|c|☆opbidoof6969|tell me
|c|☆DarkElucidator007|im rusty
|c|☆DarkElucidator007|stupid tard
|c|☆opbidoof6969|☆DarkElucidator007: no u
|c|☆opbidoof6969|this is used when you dont have a comeback lmao
|c|☆DarkElucidator007|now hurry up and get this shit oer with
|c|☆DarkElucidator007|over
|c|☆opbidoof6969|okay
|inactive|opbidoof6969 has 60 seconds left.
|c|☆opbidoof6969|you should respect me lmao
|c|☆DarkElucidator007|i don't got time to deal with haters
|c|☆opbidoof6969|so in your terms you should be called a noob
|c|☆opbidoof6969|LOL SAYS YOU
|c|☆opbidoof6969|ur the hater lol
|
|move|p1a: Kartana|Smart Strike|p2a: Porygon2
|-damage|p2a: Porygon2|0 fnt
|faint|p2a: Porygon2
|
|win|opbidoof6969
|c|☆DarkElucidator007|nay
|c|☆opbidoof6969|bye
|c|☆DarkElucidator007|fianlly
</script>
</div>
<div class="battle-log battle-log-inline"><div class="inner"><div class="battle-options"><div style="padding-top: 3px; padding-right: 3px; text-align: right"><button class="icon button" name="openBattleOptions" title="Options">Battle Options</button></div></div><div class="inner message-log"><div class="chat"><small>☆opbidoof6969 joined.</small></div><div class="chat"><small>☆DarkElucidator007 joined.</small></div><div class=""><small>Format:</small> <br><strong>[Gen 7] OU</strong></div><div class=""><small><em>Sleep Clause Mod:</em> Limit one foe put to sleep</small></div><div class=""><small><em>Species Clause:</em> Limit one of each Pokémon</small></div><div class=""><small><em>OHKO Clause:</em> OHKO moves are banned</small></div><div class=""><small><em>Moody Clause:</em> Moody is banned</small></div><div class=""><small><em>Evasion Moves Clause:</em> Evasion moves are banned</small></div><div class=""><small><em>Endless Battle Clause:</em> Forcing endless battles is banned</small></div><div class=""><small><em>HP Percentage Mod:</em> HP is shown in percentages</small></div><div class="chat battle-history"><strong>opbidoof6969's team:</strong> <em style="color:#445566;display:block;">Marowak-Alola / Kartana / Alakazam / Keldeo-Resolute / Excadrill / Clefable</em></div><div class="chat battle-history"><strong>DarkElucidator007's team:</strong> <em style="color:#445566;display:block;">Dragonite / Porygon2 / Togekiss / Greninja / Breloom / Volcarona</em></div><div class="chat message-error">Battle timer is ON: inactive players will automatically lose when time's up. (requested by opbidoof6969)</div><div class="spacer battle-history"><br></div><div class="battle-history">Battle started between opbidoof6969 and DarkElucidator007!<br></div><div class="spacer battle-history"><br></div><div class="battle-history">Go! <strong>Excadrill</strong>!<br></div><div class="spacer battle-history"><br></div><div class="battle-history">DarkElucidator007 sent out <strong>Volcarona</strong>!<br></div><div class="battle-history">[Excadrill's Mold Breaker]<br><small>Excadrill breaks the mold!</small><br></div><div class="spacer battle-history"><br></div><h2 class="battle-history">Turn 1</h2><div class="chat chatmessage-darkelucidator007"><strong style="color:#17a23a"><small>☆</small><span class="username" data-name="DarkElucidator007">DarkElucidator007</span>:</strong> <em>imagine using soft boiled</em></div><div class="chat chatmessage-opbidoof6969"><strong style="color:#b53071"><small>☆</small><span class="username" data-name="opbidoof6969">opbidoof6969</span>:</strong> <em>lol predictable</em></div><div class="spacer battle-history"><br></div><div class="battle-history">The opposing Volcarona used <strong>Fiery Dance</strong>!<br></div><div class="battle-history"><small>It's super effective!</small><br></div><div class="battle-history"><small>(Excadrill lost 72% of its health!)</small><br></div><div class="battle-history"><small>The opposing Volcarona's Sp. Atk rose!</small><br></div><div class="spacer battle-history"><br></div><div class="battle-history">Excadrill used <strong>Rock Slide</strong>!<br></div><div class="battle-history"><small>It's super effective!</small><br></div><div class="battle-history"><small>(The opposing Volcarona lost 100% of its health!)</small><br></div><div class="spacer battle-history"><br></div><div class="battle-history">The opposing Volcarona fainted!<br></div><div class="spacer battle-history"><br></div><div class="battle-history">DarkElucidator007 sent out <strong>Breloom</strong>!<br></div><div class="spacer battle-history"><br></div><h2 class="battle-history">Turn 2</h2><div class="chat chatmessage-opbidoof6969"><strong style="color:#b53071"><small>☆</small><span class="username" data-name="opbidoof6969">opbidoof6969</span>:</strong> <em>hate all u want okay</em></div><div class="chat chatmessage-opbidoof6969"><strong style="color:#b53071"><small>☆</small><span class="username" data-name="opbidoof6969">opbidoof6969</span>:</strong> <em>this is pokemon</em></div><div class="chat chatmessage-opbidoof6969"><strong style="color:#b53071"><small>☆</small><span class="username" data-name="opbidoof6969">opbidoof6969</span>:</strong> <em>this is where we have fun</em></div><div class="spacer battle-history"><br></div><div class="battle-history">Excadrill, come back!<br></div><div class="battle-history">Go! <strong>Clefable</strong>!<br></div><div class="spacer battle-history"><br></div><div class="battle-history">The opposing Breloom used <strong>Seed Bomb</strong>!<br></div><div class="battle-history"><small>(Clefable lost 49% of its health!)</small><br></div><div class="spacer battle-history"><br></div><div class="battle-history"><small>The opposing Breloom was badly poisoned!</small><br></div><div class="spacer battle-history"><br></div><h2 class="battle-history">Turn 3</h2><div class="chat chatmessage-darkelucidator007"><strong style="color:#17a23a"><small>☆</small><span class="username" data-name="DarkElucidator007">DarkElucidator007</span>:</strong> <em>and troll</em></div><div class="chat chatmessage-darkelucidator007"><strong style="color:#17a23a"><small>☆</small><span class="username" data-name="DarkElucidator007">DarkElucidator007</span>:</strong> <em>big noob</em></div><div class="spacer battle-history"><br></div><div class="battle-history">The opposing Breloom used <strong>Stone Edge</strong>!<br></div><div class="battle-history"><small>Clefable avoided the attack!</small><br></div><div class="battle-history"><small>Clefable surrounded itself with its Z-Power!</small><br></div><div class="spacer battle-history"><br></div><div class="battle-history">Clefable used <strong>Twinkle Tackle</strong>!<br></div><div class="battle-history"><small>It's super effective!</small><br></div><div class="battle-history"><small>(The opposing Breloom lost 100% of its health!)</small><br></div><div class="spacer battle-history"><br></div><div class="battle-history">The opposing Breloom fainted!<br></div><div class="chat chatmessage-opbidoof6969"><strong style="color:#b53071"><small>☆</small><span class="username" data-name="opbidoof6969">opbidoof6969</span>:</strong> <em>okay?? I dont understand the point of u trash talking tho</em></div><div class="spacer battle-history"><br></div><div class="battle-history">DarkElucidator007 sent out <strong>Greninja</strong>!<br></div><div class="spacer battle-history"><br></div><h2 class="battle-history">Turn 4</h2><div class="chat chatmessage-darkelucidator007"><strong style="color:#17a23a"><small>☆</small><span class="username" data-name="DarkElucidator007">DarkElucidator007</span>:</strong> <em>big fax</em></div><div class="spacer battle-history"><br></div><div class="battle-history">Clefable, come back!<br></div><div class="battle-history">Go! Keldeo (<strong>Keldeo-Resolute</strong>)!<br></div><div class="spacer battle-history"><br></div><div class="battle-history">The opposing Greninja used <strong>Surf</strong>!<br></div><div class="spacer battle-history"><br></div><div class="battle-history">[The opposing Greninja's Protean]<br><small>The opposing Greninja's type changed to Water!</small><br></div><div class="battle-history"><small>It's not very effective...</small><br></div><div class="battle-history"><small>(Keldeo lost 14% of its health!)</small><br></div><div class="spacer battle-history"><br></div><h2 class="battle-history">Turn 5</h2><div class="chat chatmessage-darkelucidator007"><strong style="color:#17a23a"><small>☆</small><span class="username" data-name="DarkElucidator007">DarkElucidator007</span>:</strong> <em>predictable</em></div><div class="spacer battle-history"><br></div><div class="battle-history">The opposing Greninja used <strong>Ice Beam</strong>!<br></div><div class="spacer battle-history"><br></div><div class="battle-history">[The opposing Greninja's Protean]<br><small>The opposing Greninja's type changed to Ice!</small><br></div><div class="battle-history"><small>It's not very effective...</small><br></div><div class="battle-history"><small>(Keldeo lost 14% of its health!)</small><br></div><div class="spacer battle-history"><br></div><div class="battle-history">Keldeo used <strong>Icy Wind</strong>!<br></div><div class="battle-history"><small>It's not very effective...</small><br></div><div class="battle-history"><small>(The opposing Greninja lost 14% of its health!)</small><br></div><div class="battle-history"><small>The opposing Greninja's Speed fell!</small><br></div><div class="spacer battle-history"><br></div><h2 class="battle-history">Turn 6</h2><div class="chat chatmessage-opbidoof6969"><strong style="color:#b53071"><small>☆</small><span class="username" data-name="opbidoof6969">opbidoof6969</span>:</strong> <em>okay lol</em></div><div class="spacer battle-history"><br></div><div class="battle-history">Keldeo used <strong>Secret Sword</strong>!<br></div><div class="battle-history"><small>It's super effective!</small><br></div><div class="battle-history"><small>(The opposing Greninja lost 86% of its health!)</small><br></div><div class="spacer battle-history"><br></div><div class="battle-history">The opposing Greninja fainted!<br></div><div class="chat chatmessage-opbidoof6969"><strong style="color:#b53071"><small>☆</small><span class="username" data-name="opbidoof6969">opbidoof6969</span>:</strong> <em>i outspeed now</em></div><div class="chat chatmessage-opbidoof6969"><strong style="color:#b53071"><small>☆</small><span class="username" data-name="opbidoof6969">opbidoof6969</span>:</strong> <em>lmao</em></div><div class="spacer battle-history"><br></div><div class="battle-history">DarkElucidator007 sent out <strong>Dragonite</strong>!<br></div><div class="spacer battle-history"><br></div><h2 class="battle-history">Turn 7</h2><div class="chat chatmessage-opbidoof6969"><strong style="color:#b53071"><small>☆</small><span class="username" data-name="opbidoof6969">opbidoof6969</span>:</strong> <em>LOL why</em></div><div class="chat chatmessage-opbidoof6969"><strong style="color:#b53071"><small>☆</small><span class="username" data-name="opbidoof6969">opbidoof6969</span>:</strong> <em>t-punch?</em></div><div class="spacer battle-history"><br></div><div class="battle-history">Keldeo used <strong>Icy Wind</strong>!<br></div><div class="battle-history"><small>It's super effective!</small><br></div><div class="battle-history"><small>(The opposing Dragonite lost 42% of its health!)</small><br></div><div class="battle-history"><small>The opposing Dragonite's Speed fell!</small><br></div><div class="spacer battle-history"><br></div><div class="battle-history">The opposing Dragonite used <strong>Dragon Dance</strong>!<br></div><div class="battle-history"><small>The opposing Dragonite's Attack rose!</small><br></div><div class="battle-history"><small>The opposing Dragonite's Speed rose!</small><br></div><div class="spacer battle-history"><br></div><div class="battle-history"><small>The opposing Dragonite restored a little HP using its Leftovers!</small><br></div><div class="spacer battle-history"><br></div><h2 class="battle-history">Turn 8</h2><div class="chat chatmessage-opbidoof6969"><strong style="color:#b53071"><small>☆</small><span class="username" data-name="opbidoof6969">opbidoof6969</span>:</strong> <em>bad play</em></div><div class="chat chatmessage-opbidoof6969"><strong style="color:#b53071"><small>☆</small><span class="username" data-name="opbidoof6969">opbidoof6969</span>:</strong> <em>youre dead</em></div><div class="chat chatmessage-opbidoof6969"><strong style="color:#b53071"><small>☆</small><span class="username" data-name="opbidoof6969">opbidoof6969</span>:</strong> <em>no multiscale</em></div><div class="chat chatmessage-opbidoof6969"><strong style="color:#b53071"><small>☆</small><span class="username" data-name="opbidoof6969">opbidoof6969</span>:</strong> <em>you should be dead</em></div><div class="chat chatmessage-opbidoof6969"><strong style="color:#b53071"><small>☆</small><span class="username" data-name="opbidoof6969">opbidoof6969</span>:</strong> <em>i outspeed</em></div><div class="spacer battle-history"><br></div><div class="battle-history">Keldeo used <strong>Icy Wind</strong>!<br></div><div class="battle-history"><small>It's super effective!</small><br></div><div class="battle-history"><small>(The opposing Dragonite lost 64% of its health!)</small><br></div><div class="spacer battle-history"><br></div><div class="battle-history">The opposing Dragonite fainted!<br></div><div class="chat chatmessage-darkelucidator007"><strong style="color:#17a23a"><small>☆</small><span class="username" data-name="DarkElucidator007">DarkElucidator007</span>:</strong> <em>no multiscale? tf u mean</em></div><div class="chat message-error">DarkElucidator007 has 270 seconds left.</div><div class="spacer battle-history"><br></div><div class="battle-history">DarkElucidator007 sent out <strong>Togekiss</strong>!<br></div><div class="spacer battle-history"><br></div><h2 class="battle-history">Turn 9</h2><div class="chat chatmessage-opbidoof6969"><strong style="color:#b53071"><small>☆</small><span class="username" data-name="opbidoof6969">opbidoof6969</span>:</strong> <em>multiscale only works when you're at full health lmao</em></div><div class="spacer battle-history"><br></div><div class="battle-history">Keldeo, come back!<br></div><div class="battle-history">Go! <strong>Clefable</strong>!<br></div><div class="spacer battle-history"><br></div><div class="battle-history">The opposing Togekiss used <strong>Aura Sphere</strong>!<br></div><div class="battle-history"><small>It's not very effective...</small><br></div><div class="battle-history"><small>(Clefable lost 9% of its health!)</small><br></div><div class="spacer battle-history"><br></div><h2 class="battle-history">Turn 10</h2><div class="spacer battle-history"><br></div><div class="battle-history">The opposing Togekiss used <strong>Air Slash</strong>!<br></div><div class="battle-history"><small>(Clefable lost 24% of its health!)</small><br></div><div class="spacer battle-history"><br></div><div class="battle-history">Clefable flinched and couldn't move!<br></div><div class="spacer battle-history"><br></div><h2 class="battle-history">Turn 11</h2><div class="spacer battle-history"><br></div><div class="battle-history">Clefable, come back!<br></div><div class="battle-history">Go! Marowak (<strong>Marowak-Alola</strong>)!<br></div><div class="spacer battle-history"><br></div><div class="battle-history">The opposing Togekiss used <strong>Air Slash</strong>!<br></div><div class="battle-history"><small>(Marowak lost 57% of its health!)</small><br></div><div class="spacer battle-history"><br></div><h2 class="battle-history">Turn 12</h2><div class="spacer battle-history"><br></div><div class="battle-history">The opposing Togekiss used <strong>Air Slash</strong>!<br></div><div class="battle-history"><small>(Marowak lost 43% of its health!)</small><br></div><div class="spacer battle-history"><br></div><div class="battle-history">Marowak fainted!<br></div><div class="spacer battle-history"><br></div><div class="battle-history">Go! <strong>Kartana</strong>!<br></div><div class="spacer battle-history"><br></div><h2 class="battle-history">Turn 13</h2><div class="spacer battle-history"><br></div><div class="battle-history">Kartana used <strong>Smart Strike</strong>!<br></div><div class="battle-history"><small>It's super effective!</small><br></div><div class="battle-history"><small>(The opposing Togekiss lost 100% of its health!)</small><br></div><div class="spacer battle-history"><br></div><div class="battle-history">The opposing Togekiss fainted!<br></div><div class="battle-history">[Kartana's Beast Boost]<br></div><div class="battle-history"><small>Kartana's Attack rose!</small><br></div><div class="spacer battle-history"><br></div><div class="battle-history">DarkElucidator007 sent out <strong>Porygon2</strong>!<br></div><div class="spacer battle-history"><br></div><h2 class="battle-history">Turn 14</h2><div class="chat chatmessage-opbidoof6969"><strong style="color:#b53071"><small>☆</small><span class="username" data-name="opbidoof6969">opbidoof6969</span>:</strong> <em>u have anything to say for yourself?</em></div><div class="spacer battle-history"><br></div><div class="battle-history">Kartana used <strong>Smart Strike</strong>!<br></div><div class="battle-history"><small>(The opposing Porygon2 lost 50% of its health!)</small><br></div><div class="spacer battle-history"><br></div><div class="battle-history">The opposing Porygon2 used <strong>Thunderbolt</strong>!<br></div><div class="battle-history"><small>It's not very effective...</small><br></div><div class="battle-history"><small>(Kartana lost 64% of its health!)</small><br></div><div class="spacer battle-history"><br></div><h2 class="battle-history">Turn 15</h2><div class="chat chatmessage-opbidoof6969"><strong style="color:#b53071"><small>☆</small><span class="username" data-name="opbidoof6969">opbidoof6969</span>:</strong> <em>misplay</em></div><div class="chat chatmessage-darkelucidator007"><strong style="color:#17a23a"><small>☆</small><span class="username" data-name="DarkElucidator007">DarkElucidator007</span>:</strong> <em>I bet u spend ur whole day on here</em></div><div class="chat chatmessage-opbidoof6969"><strong style="color:#b53071"><small>☆</small><span class="username" data-name="opbidoof6969">opbidoof6969</span>:</strong> <em>should've used tri attack</em></div><div class="chat chatmessage-opbidoof6969"><strong style="color:#b53071"><small>☆</small><span class="username" data-name="opbidoof6969">opbidoof6969</span>:</strong> <em>stab</em></div><div class="chat chatmessage-opbidoof6969"><strong style="color:#b53071"><small>☆</small><span class="username" data-name="opbidoof6969">opbidoof6969</span>:</strong> <em>lol thats all u got?</em></div><div class="chat message-error">opbidoof6969 has 270 seconds left.</div><div class="chat chatmessage-opbidoof6969"><strong style="color:#b53071"><small>☆</small><span class="username" data-name="opbidoof6969">opbidoof6969</span>:</strong> <em>theres something called EXPERIENCE by playing a long time</em></div><div class="chat chatmessage-opbidoof6969"><strong style="color:#b53071"><small>☆</small><span class="username" data-name="opbidoof6969">opbidoof6969</span>:</strong> <em>have you heard of that word?</em></div><div class="chat message-error">opbidoof6969 has 240 seconds left.</div><div class="chat chatmessage-opbidoof6969"><strong style="color:#b53071"><small>☆</small><span class="username" data-name="opbidoof6969">opbidoof6969</span>:</strong> <em>talk lol</em></div><div class="chat chatmessage-opbidoof6969"><strong style="color:#b53071"><small>☆</small><span class="username" data-name="opbidoof6969">opbidoof6969</span>:</strong> <em>come on</em></div><div class="chat chatmessage-opbidoof6969"><strong style="color:#b53071"><small>☆</small><span class="username" data-name="opbidoof6969">opbidoof6969</span>:</strong> <em>dont be shy</em></div><div class="chat chatmessage-darkelucidator007"><strong style="color:#17a23a"><small>☆</small><span class="username" data-name="DarkElucidator007">DarkElucidator007</span>:</strong> <em>im not paying attention fool</em></div><div class="chat chatmessage-darkelucidator007"><strong style="color:#17a23a"><small>☆</small><span class="username" data-name="DarkElucidator007">DarkElucidator007</span>:</strong> <em>and what "EXPERIENCE"?</em></div><div class="chat message-error">opbidoof6969 has 210 seconds left.</div><div class="chat chatmessage-opbidoof6969"><strong style="color:#b53071"><small>☆</small><span class="username" data-name="opbidoof6969">opbidoof6969</span>:</strong> <em>well i win next move</em></div><div class="chat chatmessage-opbidoof6969"><strong style="color:#b53071"><small>☆</small><span class="username" data-name="opbidoof6969">opbidoof6969</span>:</strong> <em>3 years of playying?</em></div><div class="chat chatmessage-darkelucidator007"><strong style="color:#17a23a"><small>☆</small><span class="username" data-name="DarkElucidator007">DarkElucidator007</span>:</strong> <em>this aint no chatroom hurry tf up</em></div><div class="chat chatmessage-opbidoof6969"><strong style="color:#b53071"><small>☆</small><span class="username" data-name="opbidoof6969">opbidoof6969</span>:</strong> <em>okay</em></div><div class="chat chatmessage-darkelucidator007"><strong style="color:#17a23a"><small>☆</small><span class="username" data-name="DarkElucidator007">DarkElucidator007</span>:</strong> <em>of playing pokemon showdown?</em></div><div class="chat chatmessage-opbidoof6969"><strong style="color:#b53071"><small>☆</small><span class="username" data-name="opbidoof6969">opbidoof6969</span>:</strong> <em>you're the person who started this lmao</em></div><div class="chat chatmessage-opbidoof6969"><strong style="color:#b53071"><small>☆</small><span class="username" data-name="opbidoof6969">opbidoof6969</span>:</strong> <em>competetive</em></div><div class="chat message-error">opbidoof6969 has 180 seconds left.</div><div class="chat chatmessage-opbidoof6969"><strong style="color:#b53071"><small>☆</small><span class="username" data-name="opbidoof6969">opbidoof6969</span>:</strong> <em>competitive</em></div><div class="chat chatmessage-darkelucidator007"><strong style="color:#17a23a"><small>☆</small><span class="username" data-name="DarkElucidator007">DarkElucidator007</span>:</strong> <em>competitive pokemon showdown?</em></div><div class="chat chatmessage-opbidoof6969"><strong style="color:#b53071"><small>☆</small><span class="username" data-name="opbidoof6969">opbidoof6969</span>:</strong> <em>you're the person who started this trash talking</em></div><div class="chat chatmessage-opbidoof6969"><strong style="color:#b53071"><small>☆</small><span class="username" data-name="opbidoof6969">opbidoof6969</span>:</strong> <em>smogon and competitive yeah</em></div><div class="chat chatmessage-darkelucidator007"><strong style="color:#17a23a"><small>☆</small><span class="username" data-name="DarkElucidator007">DarkElucidator007</span>:</strong> <em>tuff</em></div><div class="chat chatmessage-opbidoof6969"><strong style="color:#b53071"><small>☆</small><span class="username" data-name="opbidoof6969">opbidoof6969</span>:</strong> <em>so you shouldn't be speaking</em></div><div class="chat message-error">opbidoof6969 has 150 seconds left.</div><div class="chat chatmessage-darkelucidator007"><strong style="color:#17a23a"><small>☆</small><span class="username" data-name="DarkElucidator007">DarkElucidator007</span>:</strong> <em>i haven't played pokemon/pixelmon in 3 years noob</em></div><div class="chat chatmessage-opbidoof6969"><strong style="color:#b53071"><small>☆</small><span class="username" data-name="opbidoof6969">opbidoof6969</span>:</strong> <em>now, stop with the trash talking</em></div><div class="chat chatmessage-darkelucidator007"><strong style="color:#17a23a"><small>☆</small><span class="username" data-name="DarkElucidator007">DarkElucidator007</span>:</strong> <em>no u</em></div><div class="chat chatmessage-opbidoof6969"><strong style="color:#b53071"><small>☆</small><span class="username" data-name="opbidoof6969">opbidoof6969</span>:</strong> <em>and?? how does that make me the noob</em></div><div class="chat chatmessage-darkelucidator007"><strong style="color:#17a23a"><small>☆</small><span class="username" data-name="DarkElucidator007">DarkElucidator007</span>:</strong> <em>pick a move</em></div><div class="chat chatmessage-opbidoof6969"><strong style="color:#b53071"><small>☆</small><span class="username" data-name="opbidoof6969">opbidoof6969</span>:</strong> <em>no u LMAO thats weak lmao</em></div><div class="chat chatmessage-opbidoof6969"><strong style="color:#b53071"><small>☆</small><span class="username" data-name="opbidoof6969">opbidoof6969</span>:</strong> <em>no come on talk</em></div><div class="chat chatmessage-opbidoof6969"><strong style="color:#b53071"><small>☆</small><span class="username" data-name="opbidoof6969">opbidoof6969</span>:</strong> <em>lets talk a bit more</em></div><div class="chat message-error">opbidoof6969 has 120 seconds left.</div><div class="chat chatmessage-darkelucidator007"><strong style="color:#17a23a"><small>☆</small><span class="username" data-name="DarkElucidator007">DarkElucidator007</span>:</strong> <em>why</em></div><div class="chat chatmessage-opbidoof6969"><strong style="color:#b53071"><small>☆</small><span class="username" data-name="opbidoof6969">opbidoof6969</span>:</strong> <em>you're digging a hole deeper for yourself</em></div><div class="chat chatmessage-darkelucidator007"><strong style="color:#17a23a"><small>☆</small><span class="username" data-name="DarkElucidator007">DarkElucidator007</span>:</strong> <em>bet</em></div><div class="chat chatmessage-darkelucidator007"><strong style="color:#17a23a"><small>☆</small><span class="username" data-name="DarkElucidator007">DarkElucidator007</span>:</strong> <em>fuck this world</em></div><div class="chat chatmessage-opbidoof6969"><strong style="color:#b53071"><small>☆</small><span class="username" data-name="opbidoof6969">opbidoof6969</span>:</strong> <em>yeah bet lmao</em></div><div class="chat chatmessage-opbidoof6969"><strong style="color:#b53071"><small>☆</small><span class="username" data-name="opbidoof6969">opbidoof6969</span>:</strong> <em>okay</em></div><div class="chat chatmessage-opbidoof6969"><strong style="color:#b53071"><small>☆</small><span class="username" data-name="opbidoof6969">opbidoof6969</span>:</strong> <em>☆DarkElucidator007: i haven't played pokemon/pixelmon in 3 years noob</em></div><div class="chat chatmessage-darkelucidator007"><strong style="color:#17a23a"><small>☆</small><span class="username" data-name="DarkElucidator007">DarkElucidator007</span>:</strong> <em>and?</em></div><div class="chat chatmessage-darkelucidator007"><strong style="color:#17a23a"><small>☆</small><span class="username" data-name="DarkElucidator007">DarkElucidator007</span>:</strong> <em>tf</em></div><div class="chat message-error">opbidoof6969 has 90 seconds left.</div><div class="chat chatmessage-opbidoof6969"><strong style="color:#b53071"><small>☆</small><span class="username" data-name="opbidoof6969">opbidoof6969</span>:</strong> <em>how does that prove a point?</em></div><div class="chat chatmessage-opbidoof6969"><strong style="color:#b53071"><small>☆</small><span class="username" data-name="opbidoof6969">opbidoof6969</span>:</strong> <em>tell me</em></div><div class="chat chatmessage-darkelucidator007"><strong style="color:#17a23a"><small>☆</small><span class="username" data-name="DarkElucidator007">DarkElucidator007</span>:</strong> <em>im rusty</em></div><div class="chat chatmessage-darkelucidator007"><strong style="color:#17a23a"><small>☆</small><span class="username" data-name="DarkElucidator007">DarkElucidator007</span>:</strong> <em>stupid tard</em></div><div class="chat chatmessage-opbidoof6969"><strong style="color:#b53071"><small>☆</small><span class="username" data-name="opbidoof6969">opbidoof6969</span>:</strong> <em>☆DarkElucidator007: no u</em></div><div class="chat chatmessage-opbidoof6969"><strong style="color:#b53071"><small>☆</small><span class="username" data-name="opbidoof6969">opbidoof6969</span>:</strong> <em>this is used when you dont have a comeback lmao</em></div><div class="chat chatmessage-darkelucidator007"><strong style="color:#17a23a"><small>☆</small><span class="username" data-name="DarkElucidator007">DarkElucidator007</span>:</strong> <em>now hurry up and get this shit oer with</em></div><div class="chat chatmessage-darkelucidator007"><strong style="color:#17a23a"><small>☆</small><span class="username" data-name="DarkElucidator007">DarkElucidator007</span>:</strong> <em>over</em></div><div class="chat chatmessage-opbidoof6969"><strong style="color:#b53071"><small>☆</small><span class="username" data-name="opbidoof6969">opbidoof6969</span>:</strong> <em>okay</em></div><div class="chat message-error">opbidoof6969 has 60 seconds left.</div><div class="chat chatmessage-opbidoof6969"><strong style="color:#b53071"><small>☆</small><span class="username" data-name="opbidoof6969">opbidoof6969</span>:</strong> <em>you should respect me lmao</em></div><div class="chat chatmessage-darkelucidator007"><strong style="color:#17a23a"><small>☆</small><span class="username" data-name="DarkElucidator007">DarkElucidator007</span>:</strong> <em>i don't got time to deal with haters</em></div><div class="chat chatmessage-opbidoof6969"><strong style="color:#b53071"><small>☆</small><span class="username" data-name="opbidoof6969">opbidoof6969</span>:</strong> <em>so in your terms you should be called a noob</em></div><div class="chat chatmessage-opbidoof6969"><strong style="color:#b53071"><small>☆</small><span class="username" data-name="opbidoof6969">opbidoof6969</span>:</strong> <em>LOL SAYS YOU</em></div><div class="chat chatmessage-opbidoof6969"><strong style="color:#b53071"><small>☆</small><span class="username" data-name="opbidoof6969">opbidoof6969</span>:</strong> <em>ur the hater lol</em></div><div class="spacer battle-history"><br></div><div class="battle-history">Kartana used <strong>Smart Strike</strong>!<br></div><div class="battle-history"><small>(The opposing Porygon2 lost 50% of its health!)</small><br></div><div class="spacer battle-history"><br></div><div class="battle-history">The opposing Porygon2 fainted!<br></div><div class="spacer battle-history"><br></div><div class="battle-history"><strong>opbidoof6969</strong> won the battle!<br></div><div class="chat chatmessage-darkelucidator007"><strong style="color:#17a23a"><small>☆</small><span class="username" data-name="DarkElucidator007">DarkElucidator007</span>:</strong> <em>nay</em></div><div class="chat chatmessage-opbidoof6969"><strong style="color:#b53071"><small>☆</small><span class="username" data-name="opbidoof6969">opbidoof6969</span>:</strong> <em>bye</em></div><div class="chat chatmessage-darkelucidator007"><strong style="color:#17a23a"><small>☆</small><span class="username" data-name="DarkElucidator007">DarkElucidator007</span>:</strong> <em>fianlly</em></div></div><div class="inner-preempt message-log"></div></div></div>
</div>
<script>
let daily = Math.floor(Date.now()/1000/60/60/24);document.write('<script src="https://play.pokemonshowdown.com/js/replay-embed.js?version'+daily+'"></'+'script>');
</script>
